2075 3659
247 282 292 345 16
368 278 404 345 C.
434 277 574 344 Coum.
606 277 788 344 Tucrrr

243 418 407 474 quacumque
412 418 480 470 pars
494 394 554 461 ,ribi
568 399 762 465 mandaretur,
779 397 838 476 ejus
849 414 923 455 tute-

244 480 301 536 lam
318 497 509 552 suscepturum.
522 476 600 535 Tum
611 477 724 536 Asinius
734 478 856 546 Gallus,
874 478 922 536 in-

244 576 349 638 terrogo
360 605 370 628 ,
382 560 496 638 inquit',
519 561 628 626 Casar,
645 581 725 634 quam
738 578 845 631 pamm
864 560 921 617 rei·

241 640 306 714 pub.
325 641 451 698 mandari
466 639 519 697 eibi
537 640 609 699 uelis
626 643 641 696 ἓ
657 639 800 698 Perculsus
812 641 922 717 impro-

245 723 304 781 visa
317 722 555 815 interrogatione,
575 720 699 798 paullum
710 721 821 779 reticuit
833 744 840 775 ε
854 718 922 780 dein

244 802 365 863 collecto
385 824 482 860 ammo
501 800 644 879 respondit
663 824 671 856 :
693 823 858 877 nequaquam
877 805 923 860 de-

244 905 335 942 corum
346 885 446 958 pudori
462 905 534 950 suo,
553 883 636 959 legere
650 882 814 958 aliquidaut
827 883 922 942 euita-

246 986 274 1024 re
287 987 320 1023 ex
337 987 366 1022 eo
378 1010 388 1033 ,
401 964 445 1022 cui
460 964 490 1021 ia
501 965 658 1021 universum
673 965 798 1021 excusari
813 965 921 1022 mallet.

245 1043 367 1104 Rursum
381 1044 481 1103 Gallus
497 1046 623 1115 (etenim
638 1044 717 1103 vultu
732 1040 923 1105 offensionem

245 1129 473 1203 conjed’taverut)
497 1148 551 1184 non
576 1127 677 1184 idcirco
699 1126 893 1203 interrogatum
909 1173 922 1195 ,

245 1208 308 1276 ait,
334 1226 364 1265 ut
385 1209 519 1267 diuideret
541 1228 596 1283 qua
615 1208 738 1280 separari
758 1206 923 1282 nequirent:

245 1291 296 1346 scd
319 1307 351 1345 ut
371 1311 423 1347 sua
447 1290 615 1366 confessione
637 1306 816 1366 argueretur,
839 1310 924 1347 uacua

246 1392 306 1428 esse
321 1369 421 1444 reipub.
438 1392 556 1443 corpus,
572 1388 650 1446 arque
665 1369 746 1428 unius
763 1370 857 1426 animo
874 1390 922 1428 re-

264 1454 368 1509 mdum.
402 1450 523 1510 Addidit
552 1450 663 1508 laudem
692 1448 727 1508 de
753 1448 883 1531 Augusto
911 1498 923 1523 ,

243 1473 450 1613 Iiberiumque
472 1534 563 1612 ipsum
582 1532 762 1590 vistoriarunr
787 1552 922 1603 suarum,

246 1633 362 1693 quaeque
382 1616 411 1672 in
432 1634 500 1695 toga
522 1634 569 1692 per
584 1633 628 1672 tot
647 1632 736 1671 annos
754 1614 866 1695 egregie
881 1612 924 1671 fe-

247 1691 346 1764 cisset,
368 1694 525 1753 admonuit.
545 1694 608 1752 Nec
627 1693 691 1751 ideo
715 1695 786 1751 iram
804 1700 863 1772 ejus
881 1696 924 1754 le-

247 1777 338 1846 nivit,
355 1776 462 1854 pridem
480 1777 603 1844 invisus,
617 1795 782 1855 tamquam,
797 1774 881 1834 duna
892 1771 924 1836 in

248 1858 462 1916 matrimonium
480 1856 620 1933 Vipsani&
635 1858 679 1915 M.
694 1857 824 1935 Agrippa:
839 1854 899 1917 filia
910 1904 922 1927 ,

248 1956 308 2017 quae
325 1938 471 2018 quondam
489 1937 600 1995 Tiberii
618 1958 688 1996 uuor
708 1936 819 2007 fuerat,
842 1938 924 2015 plus-

248 2040 334 2099 quam
348 2020 440 2079 civilia
459 2020 602 2101 agitaret,
620 2018 811 2098 Pollionisque
828 2018 926 2079 Atinii

247 2102 332 2180 patris
354 2100 489 2159 ferociam
506 2102 644 2159 retineret.

288 2182 386 2241 XIII.
409 2180 476 2240 Post·
499 2203 560 2261 qua:
584 2183 617 2241 L.
652 2179 820 2250 Arruntio,
845 2179 926 2243 haud

247 2263 369 2321 multum
388 2262 545 2339 ditcmpans
564 2284 581 2320 a
599 2261 678 2321 Galli
693 2264 843 2330 ontione,
865 2284 926 2343 per⁴

247 2343 313 2401 inde
341 2340 469 2402 offendit.
498 2342 683 2423 Quamquam
707 2342 826 2401 Tiberio
852 2343 923 2404 nnl-

248 2424 276 2483 la
293 2444 371 2484 vetus
388 2426 418 2482 in
436 2423 600 2483 Arruntium
620 2426 660 2483 ira
682 2448 690 2480 z
711 2423 759 2483 sed
778 2422 897 2485 divitem
910 2474 924 2497 ,

248 2525 431 2586 promptum,
456 2505 561 2564 artibus
580 2507 723 2588 egregiis,
745 2514 774 2564 &
792 2507 854 2583 pari·
872 2506 925 2567 fa-

249 2606 297 2645 ma
318 2586 452 2665 publice,
472 2587 653 2665 suspediabat.
680 2587 793 2665 Qtuppe
815 2588 926 2670 Augu-

248 2664 303 2725 stus
324 2669 456 2747 supremis
475 2669 648 2727 sermonibus
661 2689 749 2748 quum
769 2670 924 2740 uastaret,

249 2750 368 2831 quinam
380 2749 497 2833 adipisci
510 2750 666 2832 principem
680 2751 778 2811 locum
789 2744 928 2813 suffectu-
