2075 3659
446 122 459 147 l

239 292 307 364 3¹0
363 271 401 344 C.
429 274 578 344 Cora.
610 274 822 342 Tacrrr

236 395 408 464 insolentes,
435 381 664 453 circumsisterent
692 413 720 452 re
746 413 793 451 em
814 439 826 463 ,
849 411 909 473 pot-

236 494 331 535 terent
364 476 475 534 roeiium
494 499 501 531 z
520 495 604 556 atque
622 475 678 534 illis
695 415 758 535 soie
775 476 809 532 in
828 477 912 554 equite

235 559 299 626 vis3
317 497 519 616 Piiarasmanes
536 565 563 616 δε
581 555 673 635 pedite
694 553 823 615 valebat.
844 557 912 616 Nan

236 637 312 698 Iberi
333 638 513 719 Albanique,
536 638 673 698 saltuosos
693 637 776 696 locos
797 638 915 697 incolen-

238 738 297 790 tes,
317 719 425 778 duritia
442 721 638 800 patientiaque
653 721 749 802 magis
767 720 914 778 insuevere

237 800 394 882 Feruntque
402 824 433 860 se
449 800 593 859 Thessalis
604 819 678 858 ortos
685 843 695 869 ,
704 802 760 876 qud
772 802 916 880 tempestate

235 882 343 951 Iason,
362 884 420 963 post
444 887 566 941 avariam
584 881 735 950 Medeam,
758 881 917 958 genitosque

236 985 272 1023 ex
291 963 458 1033 calibem,
478 964 589 1021 inanem
604 985 668 1020 mox
684 961 791 1038 regiam
812 966 912 1033 AEeta,

235 1065 386 1120 vacuosque
415 1044 528 1103 Colchos
550 1043 688 1117 repetivit.
712 1041 871 1123 Multaque
888 1043 917 1101 de

236 1126 354 1183 nomine
383 1129 463 1202 ejus,
496 1125 691 1184 &oraculum
719 1121 822 1182 Phrixi
846 1125 915 1182 ceie-

236 1205 319 1264 brant
339 1229 346 1262 r
363 1226 416 1264 nec
435 1207 498 1286 quis
518 1225 587 1265 uam
600 1207 685 1264 ariete
698 1203 916 1277 sacrificaverit,

237 1287 342 1346 credito
360 1289 465 1346 vexisse
481 1229 618 1346 Pirrixum
629 1310 646 1342 2:
665 1287 724 1345 sive
740 1285 773 1344 id
795 1288 916 1358 animai,

236 1389 284 1428 seu
311 1369 389 1427 navis
412 1370 521 1452 insigne
546 1365 607 1427 fuit.
632 1365 791 1438 Ceterum,
817 1368 918 1429 dir-eur

237 1452 378 1530 utrimque
389 1451 468 1520 acie,
480 1447 598 1509 Parthus
608 1449 752 1522 imperium
770 1449 917 1522 Orientis,

155 1553 162 1558 ·
235 1533 427 1590 claritudinem
447 1531 665 1600 Arsacidarum,
680 1548 830 1607 contraque
843 1533 919 1610 igno·

179 1606 184 1617 ⁸
236 1613 318 1670 bilem
328 1613 435 1671 Iberum
445 1613 611 1672 mercenario
628 1612 738 1680 milite,
756 1611 918 1672 disserebat.

236 1690 459 1764 Pharasmanes,
473 1695 592 1773 integros
603 1711 686 1752 semet
699 1715 716 1750 a
726 1691 867 1752 Parthico
876 1697 922 1752 do-

236 1775 343 1832 minata
353 1798 366 1846 ,·
384 1775 485 1851 quanti
504 1777 611 1856 majora
625 1791 769 1848 peterent,
785 1776 855 1847 plus
873 1779 920 1834 de·

235 1855 309 1913 coris
320 1857 454 1925 victores,
472 1875 539 1927 aut,
556 1858 585 1916 si
597 1873 671 1934 terga
683 1858 800 1924 darent,
809 1856 921 1934 flagitii

235 1955 316 2014 atque
325 1938 443 2012 periculi
455 1939 560 1996 laturos
576 1962 586 1995 .·
599 1937 682 1996 simul
697 1933 845 1996 horridam
858 1959 921 1996 suo·

235 2036 299 2076 rum
311 2021 419 2090 aciem,
435 2021 509 2097 piria
524 2040 592 2078 auro
605 2018 762 2076 Medorum
778 2019 918 2102 agmina3

237 2095 304 2159 hinc
315 2103 409 2172 viros,
420 2100 487 2160 inde
497 2099 619 2180 predam
632 2099 785 2159 ostendere.

278 2181 405 2241 XXXV.
425 2181 580 2241 Enimvero
598 2181 671 2260 apud
692 2181 837 2240 Sarmatas
857 2201 918 2240 non

236 2285 293 2325 una
312 2285 370 2320 vox
387 2262 488 2322 ducis:
512 2284 541 2322 se
561 2265 677 2344 quisque
694 2261 862 2332 stimulant,
885 2283 919 2322 ne

231 2367 353 2423 pugnam
363 2365 415 2416 pet·
427 2345 548 2422 sagittas
560 2345 663 2404 inirent
671 2365 684 2416 ;
702 2346 803 2418 impetu
824 2339 851 2402 f?
874 2345 916 2400 eol

238 2430 329 2486 minus
345 2426 572 2498 praeveniendum.
596 2427 690 2484 Variae
709 2421 776 2483 hinc
798 2425 915 2482 belian-

237 2511 309 2568 tium
323 2509 445 2586 species3
464 2527 552 2588 quum
571 2504 688 2566 Parthus
708 2507 788 2586 sequi
804 2506 852 2565 vel
871 2503 917 2564 fu-

198 2652 200 2657 ,
238 2611 303 2673 gere
321 2591 380 2668 pari
400 2607 457 2646 arte
477 2609 587 2660 suetus,
608 2583 769 2646 distraheret
788 2605 916 2656 turmas,

237 2673 359 2750 spatium
372 2670 472 2729 ieiibus
485 2689 637 2750 quaereret3
651 2669 785 2729 Sarmata
804 2669 916 2725 omisso

238 2772 322 2824 arcu,
336 2773 394 2836 quo
405 2750 516 2814 breviis
526 2753 637 2825 valent,
651 2749 741 2811 contis
753 2747 920 2832 gladiisque

1021 1465 1024 1598 i
