2075 3659
219 286 292 368 284
343 279 555 350 cconu.
587 281 795 348 TAczrr·
846 285 850 292 ·

220 412 248 464 &
269 409 417 464 summum
434 400 603 480 supplicium
626 397 862 468 decernebatur,
883 395 916 456 ni

220 481 359 565 professus
375 481 514 540 indicium
532 479 612 544 foreu

264 563 395 634 1V.‚Us
420 560 489 621 veri>
514 563 660 621 Latinium
679 561 837 620 Latiarem
865 561 919 618 in·

223 663 329 729 gressus
347 641 404 714 est,
422 662 568 703 accusator
584 664 617 702 ac
630 663 690 702 reus
705 639 787 722 juxti
804 642 904 700 invisi
910 668 927 711 ‚-

223 727 414 810 gratissimum
434 725 624 804 speciaculum
642 723 834 804 prebebatur.
861 723 925 780 La*

224 809 321 877 tiaris,
344 827 376 866 ut
390 807 494 876 retuli,
515 809 668 886 praecipuus
684 805 757 864 olim
778 803 923 863 circum⁴

224 887 358 949 veniendi
387 887 460 946 Titii
487 887 610 957 Sabini,
640 895 667 946 &
698 905 766 945 tunc
798 885 923 944 luenda

224 990 315 1050 poenae
345 971 450 1048 primus
477 966 539 1028 fuit.
568 968 643 1026 Inter
682 987 744 1048 quae
773 965 926 1026 Haterius

226 1050 355 1132 Agrippa
383 1049 511 1109 consules
544 1050 612 1109 anni
644 1049 744 1128 prioris
775 1049 924 1118 invasit,

227 1153 276 1190 cur
291 1147 385 1188 mutua
404 1131 577 1190 accusatione
594 1128 723 1199 intenta,
749 1150 828 1188 nunc
852 1131 926 1189 sile·

228 1215 314 1272 rent?
334 1229 433 1272 metum
443 1233 558 1286 prorsus
572 1208 723 1272 &noxiam
737 1213 926 1272 conscientia

223 1294 382 1372 profudere
394 1292 489 1352 haberi
502 1318 513 1352 .·
528 1311 559 1352 at
573 1315 627 1351 non
634 1291 762 1366 patribus
774 1294 926 1353 reticenda

228 1392 286 1452 qua
307 1375 490 1434 adivissem.
516 1373 641 1457 Regulus
670 1395 778 1433 manere
806 1392 925 1450 tempus

230 1454 366 1526 ultionis,
380 1476 459 1532 seque
469 1476 559 1514 coram
565 1455 690 1529 principe
703 1473 925 1516 exsecutumm:

230 1535 305 1596 Trio
320 1536 519 1596 emulationem
536 1537 610 1595 inter
623 1537 756 1614 collegas,
778 1533 857 1596 &si
871 1559 928 1616 qua

231 1617 369 1679 discbrdes
388 1618 513 1676 'coissent
519 1659 531 1687 ,
551 1615 648 1676 melitis
665 1617 843 1688 oblitterari,
867 1641 929 1679 res·

272 1697 342 1757 ndit
422 1717 506 1780 gente
550 1696 706 1778 Arippa,
742 1699 930 1781 Sanquinius

227 1718 400 1872 ‘iviaximum
412 1796 428 1836 e
439 1719 646 1851 cumulamine,
659 1782 751 1840 oravit
765 1801 928 1854 senatum5

234 1881 364 1920 neturus
387 1879 563 1935 imperatoris
572 1897 584 1932 5
613 1863 778 1938 conquisitis
807 1865 942 1939 iusuper·

234 1940 427 2002 acerbitatibus
447 1956 575 2020 augerent
593 1965 604 2000 .·
620 1942 738 2021 sufficere
757 1944 850 2018 ipsum
861 1948 930 2027 sta·

234 2020 344 2082 tuendis
375 2024 502 2083 remediis
527 2048 537 2082 .·
563 2023 603 2082 sic
626 2023 739 2106 Regulo
767 2025 840 2085 salus
854 2072 867 2097 ‚
900 2036 931 2087 &

236 2101 341 2182 Trioni
358 2101 458 2164 dilatio
473 2105 552 2164 exitii
570 2106 696 2185 quesita.
718 2105 853 2166 Haterius
873 2109 931 2167 in·

236 2185 324 2244 visior
349 2182 425 2257 fuit,
439 2189 512 2266 ,quia
537 2206 660 2257 somno,
684 2186 932 2250 aut'libidinosis

237 2264 344 2346 vigiliis
357 2267 513 2338 marcidus,
532 2274 559 2326 &
571 2267 611 2326 ob
628 2269 796 2351 segnitiam,
817 2291 933 2350 quam-

238 2345 281 2403 vis
319 2345 460 2406 crudelem
491 2347 647 2428 principem
677 2371 737 2409 non
771 2369 931 2423 metuens,

238 2423 400 2488 inlustribus
420 2429 488 2489 viris
507 2430 682 2508 perniciem,
704 2432 778 2490 inter
798 2453 931 2516 ganeam

239 2528 273 2568 ac
290 2505 399 2589 stupra,
419 2509 617 2572 meditabatur.
874 2577 878 2580 ,

281 2589 321 2650 V.
344 2590 419 2652 Exin
437 2591 528 2654 Cotta
547 2593 746 2665 Messallinus,
765 2597 931 2656 saevissime

243 2677 375 2754 cujusque
398 2675 539 2734 sententia
559 2677 656 2734 auiior
667 2716 677 2746 ,
697 2673 789 2756 etique
806 2678 929 2736 invete-

242 2752 304 2814 rati
327 2753 436 2818 invidia
447 2800 457 2830 ,
479 2755 533 2817 ubi
550 2753 673 2838 primum
694 2755 813 2820 facultas
835 2758 930 2832 data,
