2075 3659
247 292 315 357 320
377 266 414 334 C.
443 265 591 333 Coum
623 265 832 334 TAcrur

244 390 351 446 incerto
373 384 446 455 fuit,
469 383 509 442 ob
530 385 721 463 propinquum
743 385 812 444 vitae
834 383 925 448 finem.

243 467 348 548 Neque
369 468 444 524 enim
467 462 558 524 multo
580 463 641 544 pbst
660 469 789 544 supremi
808 467 926 528 Tiberio

245 549 393 618 consules,
424 547 481 606 Cn.
519 547 706 617 Acerronius,
742 547 784 608 C.
812 549 942 609 Pontius·

245 627 440 712 magistratum
457 648 607 708 occepere,
626 625 715 685 nimii
734 633 812 706 jam·
826 651 928 708 poten-

246 709 287 770 tii
311 711 480 780 Macronis,
509 711 559 789 qui
586 709 707 792 gratiam
738 709 780 770 C.
813 709 929 772 Caesaris

246 813 404 872 numquam
424 790 478 850 sibi
500 790 682 872 neglecmm,
706 789 802 850 ucriris
824 792 858 851 in
878 792 929 852 dies

246 873 380 944 fovebat,
399 872 600 952 impuleratque
621 869 683 950 post
699 891 832 930 mortem
849 873 931 934 Clau·

247 955 320 1026 diae,
338 974 424 1035 quam
440 972 558 1034 nuptum
570 955 595 1010 ei
604 952 698 1022 retuli,
716 973 843 1012 uxorem
857 977 930 1014 suam

246 1035 374 1096 Enniam
392 1034 592 1104 immittendo,
614 1054 711 1092 amore
735 1039 876 1114 juvenem
893 1038 930 1095 in-

247 1117 352 1186 licere,
372 1119 513 1197 pactoque
536 1116 712 1175 matrimonii
731 1116 869 1188 vincire,
889 1119 931 1176 ni-

247 1194 290 1255 bil
307 1196 498 1269 abnuentem,
520 1197 587 1256 dum
605 1197 818 1258 dominationis
832 1199 931 1278 apisce-

247 1292 331 1338 retur.
346 1279 426 1338 Nam
444 1282 495 1338 etsi
511 1298 670 1338 commotus
687 1280 833 1360 ingenio,
847 1281 930 1339 simu-

249 1360 390 1420 lationum
407 1381 503 1422 tamen
524 1359 594 1422 falsa
613 1364 643 1420 in
663 1361 791 1420 sinuavi
813 1360 932 1442 perdidi-

247 1459 333 1507 cerat„

290 1523 400 1584 XLVI.
428 1517 560 1585 'Gnarum
589 1521 644 1582 hoc
666 1525 817 1604 principi,
844 1523 932 1606 ebque

250 1603 393 1665 dubitauit
411 1603 446 1665 de
463 1604 598 1665 tradenda
619 1603 715 1684 repub.
735 1603 865 1685 primrim
884 1608 930 1665 in·

250 1700 293 1743 ter
310 1704 444 1766 nepotes3
463 1707 584 1767 quorum
599 1685 691 1746 Druso
715 1689 852 1768 genitus,
874 1709 932 1746 san-

248 1766 336 1848 guine
365 1775 393 1827 &
419 1770 533 1827 caritate
563 1769 699 1849 propior,
726 1767 775 1827 sed
800 1768 931 1829 nondum

251 1846 428 1929 pubertatem
450 1852 607 1934 ingressus:
622 1849 788 1909 Germanici
810 1848 872 1909 filio
889 1873 932 1910 ro-

251 1929 304 1990 bur
330 1939 473 2014 juvente,
493 1933 573 2014 vulgi
596 1929 710 2002 studia,
737 1952 831 2012 eaque
857 1931 931 2012 apud

249 2033 338 2074 avum
355 2013 417 2072 odii
441 2034 531 2073 causa.
552 2013 648 2072 Etiam
667 2011 701 2070 d'e
721 2011 850 2072 Claudio
872 2015 929 2096 agi·

251 2093 341 2168 tanti,
363 2092 441 2178 qubd
457 2096 479 2154 is
497 2096 654 2173 composita
669 2112 766 2164 aetate,
788 2093 929 2154 bonarum

251 2179 372 2237 arricum
392 2178 503 2256 cupiens
518 2193 594 2245 erat,
608 2175 760 2233 imminuta
774 2197 853 2235 mens
873 2181 931 2252 ejus

252 2257 369 2316 obstitit.
392 2257 442 2316 Sin
462 2275 538 2315 extra
555 2255 673 2314 domum
693 2277 837 2316 successor
856 2276 928 2336 quae-

252 2357 375 2408 reretur,
394 2358 429 2396 ne
450 2339 589 2397 memoria
603 2333 742 2420 Augusti,
764 2359 799 2396 ne
821 2358 928 2397 nomen

178 2465 181 2471 -
253 2416 399 2480 Caesarum
422 2420 452 2476 in
470 2418 591 2480 ludibria
610 2427 637 2478 &
660 2421 846 2478 contumelias
861 2439 926 2477 ver·

252 2519 357 2572 terent,
372 2499 515 2559 metuebat
532 2525 538 2558 :
557 2501 659 2581 quippe
678 2501 796 2559 illinon
815 2498 927 2580 perinde

253 2603 324 2642 curae
347 2583 436 2665 gratia
457 2584 648 2663 presentium,
665 2578 751 2662 quim
763 2583 793 2640 in
807 2579 928 2660 posteros

253 2665 383 2723 ambitio.
406 2663 480 2722 Mox
498 2666 618 2722 incertus
640 2664 755 2734 animi,
775 2661 850 2720 fesso
869 2682 925 2720 cor·

254 2766 347 2827 pore,
383 2745 531 2809 consilium
568 2746 612 2806 cui
638 2744 729 2826 impar
757 2763 839 2814 erut,
867 2741 927 2818 fato
