2075 3659
189 404 193 415 Ι
262 319 328 402 3¹3
385 316 421 382 C.
452 315 604 383 cons.
637 316 845 384 TAcrrr

258 436 439 518 potiebatur,
460 433 497 494 ad
519 433 699 494 Artabanum
724 436 847 496 vertdre.
865 437 938 518 Isque

259 519 289 581 in
306 518 447 598 Hyrcanis
470 535 593 595 repertus
612 513 669 586 est,
689 516 800 576 inluvie
818 519 939 590 obsitus,

259 609 287 666 ὃ(
315 601 450 658 alimenta
471 619 538 656 arcu
557 597 712 676 'expediens
739 621 746 653 ι
772 619 806 656 ac
831 599 938 678 primi),

259 699 407 761 tamquam
434 679 516 737 dolus
542 697 704 758 pararetur,
735 683 876 752 territus3
901 683 940 742 ubi

260 761 326 823 data
352 759 420 822 fides
441 763 577 820 reddendae
594 761 782 820 dominationi
807 765 941 834 vertisse,

259 843 405 908 adlevatur
427 844 578 912 animum,
597 851 626 902 δε
642 863 698 918 que
718 846 871 916 repentina
892 868 940 902 nru-

261 927 369 990 eatr'o?
402 925 531 1005 exquirit.
560 923 638 984 Tum
668 923 761 982 Hiero
796 927 942 998 pueritiam

263 1007 408 1070 ,Tiridatis
428 1008 552 1084 increpat
562 1027 571 1075 3
587 1027 667 1081 neque
684 1027 771 1078 penes
790 1005 940 1066 Arsaciden

260 1088 423 1161 imperium,
443 1090 494 1145 sed
507 1089 590 1144 inane
608 1108 702 1144 norme
723 1091 801 1159 apud
814 1088 942 1146 imbellem

260 1170 373 1231 externel
389 1169 533 1238 mollitiei,
549 1168 609 1228 vim
626 1169 656 1225 in
673 1165 839 1245 Abeegesis
860 1173 939 1228 domo.

300 1249 409 1309 XLIV.
436 1249 530 1308 Sensit
547 1269 625 1308 vetus
643 1248 803 1331 regnandi,
817 1249 903 1310 falsos
916 1253 951 1311 in.
1019 1281 1020 1306 r

260 1351 379 1402 amore,
401 1330 469 1390 odia
489 1353 548 1390 non
566 1329 671 1412 fingere
692 1350 769 1388 :nec
792 1331 869 1392 ultr‘a
890 1353 943 1390 mo-
1019 1363 1020 1366 ¹

262 1434 355 1486 tetus,
372 1411 459 1494 qu'am
477 1413 546 1472 durn
566 1409 735 1491 Scytharum
755 1415 868 1472 auxilia
884 1435 942 1472 con·

263 1497 362 1566 ciret,
398 1495 488 1577 pergit
515 1513 679 1574 properus,
711 1502 740 1553 ὃ(
774 1497 943 1573 preveniens

261 1577 444 1635 inimicorum
475 1573 577 1646 astus,
609 1575 768 1634 amicorum
801 1579 943 1656 poeniten-

262 1656 333 1716 tiam
356 1680 363 1714 ε
387 1677 478 1738 neque
499 1676 624 1716 exsereret
646 1654 808 1735 paedorem,
833 1677 866 1718 ut
886 1659 945 1718 vul-

262 1758 332 1820 gum
357 1740 537 1798 miseratione
565 1736 745 1796 adverteret:
768 1760 830 1798 non
854 1739 944 1810 fraus,

262 1840 323 1880 non
345 1840 457 1899 preces,
482 1816 557 1877 nihil
575 1820 737 1890 omissum,
758 1817 820 1900 quo
848 1821 944 1881 ambi·

264 1921 335 1983 gnos
354 1902 498 1972 inliceret,
514 1901 638 1980 prompti
658 1897 846 1960 firmarentur.
868 1903 945 1962 Jam-
1018 1949 1019 1974 ,

262 2003 317 2062 que
339 1982 430 2042 multlr
446 2003 535 2041 manu
555 1984 714 2062 propinqua
735 1982 873 2043 Seleuciae
894 1983 946 2044 ad-

263 2065 417 2136 ventabat3
444 2085 535 2146 quum
555 2063 715 2135 Tiridates,
738 2066 825 2128 simul
847 2063 945 2134 faml,
1018 2091 1019 2126 r

263 2167 348 2228 atque
374 2150 435 2227 ipso
459 2145 607 2207 Artabano
635 2145 804 2226 perculsus,
833 2144 948 2206 distrahi

263 2229 407 2299 consiliis,
426 2231 478 2288 iret
498 2247 616 2298 contra,
638 2249 675 2286 an
698 2227 807 2288 bellum
827 2232 945 2286 cuntra-
1018 2247 1019 2282 3

263 2311 343 2370 tione
369 2314 506 2369 traderet.
536 2306 796 2388 Quibus'proeliunr
817 2319 842 2370 δι
863 2307 946 2368 festi-

264 2394 325 2450 nati
345 2411 423 2450 casus
442 2391 609 2470 placebant,
634 2391 762 2470 disjeelos
785 2388 811 2450 fr
834 2391 947 2468 longin-

265 2475 368 2549 quitate
378 2473 488 2531 itineris
493 2473 605 2551 fessos,
615 2493 648 2530 ne
655 2473 748 2531 animo
758 2473 865 2550 quidem
874 2473 948 2530 satis

265 2558 304 2614 od
315 2554 468 2630 obsequium
479 2555 614 2614 coaluisse
626 2553 778 2624 disserunt,
792 2555 947 2628 proditores
1018 2559 1019 2576 ¹

266 2658 351 2709 nuper
363 2635 496 2717 hostesque
512 2637 571 2714 ejus
580 2681 593 2706 ,
608 2657 683 2711 quem
698 2656 804 2694 rursum
813 2635 945 2711 foveant.

265 2717 373 2776 Verrinr
388 2717 566 2799 Abdageses,
583 2717 782 2796 regrediendum
797 2717 828 2774 in
846 2715 945 2774 Meso·

261 2801 417 2874 potamium
453 2797 617 2870 censebat,
643 2817 673 2862 ut
705 2820 784 2862 aterne
815 2796 915 2880 objec‘lo
933 2841 946 2865 ι
