2075 3659
204 307 453 380 ANNAmuu
476 311 560 380 Lm.
589 308 653 382 VI.
701 299 770 406 ‘2¹85

20 450 21 453 ’
83 430 225 514 arguitur
244 431 374 512 pleraque
401 454 409 488 ε
431 431 470 492 C.
496 431 667 504 Caesarem,
695 435 776 515 quasi

85 510 209 572 incestae
227 513 385 583 virilitatis,
404 521 535 594 &quum
553 513 599 572 die
613 516 702 574 natali
718 518 777 575 Au·

89 591 184 676 gustae
203 595 276 651 inter
295 593 450 653 sacerdotes
467 596 639 687 epularetur,
662 619 775 656 novem-

89 676 202 734 dialem
216 695 280 733 eam
297 697 400 734 coenam
416 675 517 736 dixisse
532 700 539 734 :
554 697 725 759 querensque
740 677 777 736 de

87 758 226 838 potentia
242 756 288 815 Μ.
304 755 424 837 Lepidi,
445 779 478 816 ac
494 759 529 817 L.
549 758 691 829 Arruntii,
712 767 777 818 cum

91 837 203 919 quibus
228 837 268 895 ob
294 858 354 896 rem
374 839 564 918 pecuniariam
585 839 778 920 disceptabat,

92 918 256 988 addidisse,
274 919 345 996 ⁴illos
364 921 472 997 quidem
485 938 614 990 senatus,
630 943 671 979 me
689 941 778 981 autem

95 999 221 1063 euehitur
245 995 399 1060 Tiberiolus
416 1023 491 1060 meus
506 1026 517 1060 :
535 1021 626 1082 neque
646 1006 778 1064 cunstaa

96 1080 272 1162 primoribus
298 1082 419 1142 civitatis
448 1083 664 1154 revincebatur3
689 1085 778 1166 iisque

97 1161 293 1234 instantibus,
315 1162 352 1223 ad
367 1164 567 1242 imperatorem
586 1168 750 1245 provocavit
770 1189 779 1226 ε

98 1265 157 1307 nec
173 1241 267 1302 multb
284 1242 345 1323 post
356 1244 453 1302 litterae
466 1245 644 1317 adferuntur,
658 1247 759 1326 quibus
766 1291 779 1318 ,

98 1328 134 1386 in
162 1325 281 1384 modum
303 1323 497 1396 defensionis,
523 1328 640 1404 repetito
661 1327 735 1385 inter
750 1351 781 1386 se

98 1426 184 1484 atque
198 1409 305 1466 Cottum
321 1407 453 1464 amicitia
458 1407 619 1481 principio,
633 1407 782 1486 crebrisque

98 1491 165 1570 ejus
178 1487 275 1566 officiis
292 1489 543 1558 commemoratis,
557 1511 590 1547 ne
603 1487 685 1548 uerba
694 1489 782 1562 prank

99 1574 232 1638 detorta,
244 1591 295 1628 neu
304 1569 494 1630 convivalium
500 1568 659 1647 fabularum
670 1570 782 1645 simpli·

96 1652 179 1714 eiras
192 1652 225 1710 iu
235 1651 339 1709 crimea
353 1654 505 1719 duceretur,
520 1647 679 1728 postulavit.

149 1731 213 1790 VI.
238 1731 353 1814 Insigne
373 1733 466 1791 visum
488 1729 529 1788 est
548 1751 643 1791 earum
665 1732 784 1796 Caesaris

97 1817 264 1879 litterarum
282 1814 415 1873 initium:
432 1833 500 1872 nam
511 1810 555 1872 his
568 1814 659 1874 verbis
674 1835 784 1876 exorsus

101 1893 168 1962 uste
184 1895 264 1974 Quid
276 1894 394 1953 scribam
403 1895 500 1964 vobis,
510 1912 606 1968 patres
616 1897 784 1969 conscripti,

105 1995 160 2040 aut
174 1979 304 2052 quomodo
318 1975 456 2043 scribam,
474 1993 523 2032 aut
534 1976 601 2050 quid
609 1977 719 2033 omniuo
731 1997 786 2036 nou

104 2059 230 2121 scribom
249 2056 299 2115 hor
317 2075 454 2129 tempore,
470 2055 515 2113 dii
533 2077 575 2112 me
592 2057 693 2133 deaque
706 2059 788 2135 pejirs

100 2142 226 2216 perdunt
234 2184 245 2205 ‚
259 2136 338 2212 qudm
347 2137 438 2209 perire
448 2158 491 2194 me
504 2136 624 2212 quotidie
634 2137 742 2206 sentio,
759 2137 789 2197 ei

106 2223 181 2282 scio.
201 2217 285 2276 Adeo
300 2217 427 2276 facinora
443 2235 528 2298 atque
546 2218 655 2300 flagitia
669 2239 717 2277 sua
734 2220 789 2298 ipsi

111 2320 229 2382 quoque
255 2299 286 2358 in
315 2299 481 2378 supplicium
512 2317 657 2360 verterant.
686 2300 789 2388 Neque

111 2381 214 2446 frustm
241 2377 476 2460 praestantissimus
504 2380 645 2459 sapientiae
678 2379 789 2442 firmare

112 2465 215 2526 solitus
247 2459 312 2531 est,
346 2463 370 2522 si
399 2462 575 2521 recludantur
605 2483 791 2544 tyrannorum

115 2564 241 2613 mentes,
270 2563 349 2622 posse
373 2541 478 2621 adspici
504 2543 671 2603 laniatus&
693 2545 789 2614 ibium

115 2625 250 2708 quando,
271 2642 301 2682 ut
320 2643 435 2703 corpora
454 2622 633 2693 verberibus,
649 2625 689 2682 ita
705 2626 790 2685 suvi-

114 2708 175 2779 tffi,
196 2704 333 2775 libidine,
353 2705 434 2763 malis
451 2704 603 2774 consultis,
620 2705 729 2763 animus
746 2703 792 2762 di·

115 2791 276 2852 lacerem:
297 2787 399 2868 quippe
417 2785 566 2866 Tiberium
581 2805 640 2852 noo
661 2783 793 2860 foruna,
