2075 3659
181 318 430 387 Auurrrun
453 322 539 390 Lrn.
564 322 634 392 III.
694 334 756 393 161

70 439 219 582 'effitiunt
231 442 363 517 quondam
376 440 489 509 uxorL.
510 443 626 511 Casan,
644 464 677 502 ac
695 445 764 505 divo

112 524 206 603 ugrcsto
225 543 325 590 nurus,
345 524 511 581 dederetur:
531 523 597 581 dein
615 527 765 586 tormentis

78 622 227 661 servorum
243 601 384 680 patefacta
398 623 461 661 sunt
475 604 585 684 flagitia
599 648 608 673 ,
631 605 764 685 itumque

77 685 113 743 in
127 684 299 745 sententiam
311 682 435 743 Rubellii
449 683 567 753 Blandi,
587 706 605 743 a
619 706 678 765 quo
689 685 765 766 aquai

79 784 172 845 utque
192 765 254 845 igni
266 764 411 825 arcebatur
430 788 437 820 ε
457 761 522 823 huic
539 764 646 825 Drusus
663 766 764 827 adsen-

77 840 146 915 sit,
199 865 353 927 numquam
375 846 423 903 alii
446 843 541 905 mitius
564 848 732 907 censuissent
754 871 763 906 ε

80 946 155 985 mox
176 866 304 995 iuno,
328 927 378 1006 qui
396 924 485 985 filiam
506 946 539 985 ex
556 946 590 985 ea
608 948 765 1006 genuerat,
782 928 785 938 '

82 1008 210 1077 datum,
226 1028 262 1065 ne
284 1006 361 1065 bona
379 1006 592 1085 publicarentur.
613 1006 691 1067 Tum
710 1010 764 1068 de-

81 1109 168 1151 mum
197 1089 304 1168 aperuit
333 1087 494 1159 Tiberius,
525 1108 685 1163 compertum
708 1091 766 1149 sibi

81 1170 173 1229 etiam
189 1192 224 1227 ex
240 1168 276 1229 P.
296 1170 413 1247 Quirini
425 1169 515 1230 struis
526 1215 539 1238 ,
556 1192 659 1231 veneno
671 1193 731 1231 eum
746 1194 766 1231 a

83 1251 195 1325 Iapidu
206 1251 330 1324 petitum.

125 1330 266 1391 XXIV.
293 1330 453 1391 Inlustrium
480 1330 617 1392 domuum
648 1334 766 1394 adversa

83 1414 219 1485 (etenim
240 1410 316 1471 haud
345 1412 466 1473 multum
493 1411 607 1473 distanti
639 1432 767 1493 tempore

81 1495 239 1574 Calpurnii
250 1494 399 1562 Pisonem,
412 1492 528 1553 AEmilii
541 1492 679 1571 Lepidam
692 1497 768 1553 ami-

82 1582 206 1648 serant)
226 1574 328 1635 solutio
348 1572 454 1633 adfecit
472 1573 510 1633 D.
533 1574 661 1646 Silanus,
678 1577 768 1635 Juniae

84 1656 207 1715 familiae
226 1654 348 1713 redditus
367 1656 485 1713 :casum
499 1660 556 1733 ejus
575 1658 670 1734 paucis
682 1661 767 1735 repess'

83 1758 159 1799 tam.
186 1736 230 1797 Ut
245 1735 339 1795 valida
353 1734 420 1795 divo
440 1733 569 1817 Augusto
584 1737 615 1795 in
627 1737 766 1816 rempubl.

84 1818 236 1886 fortuna,
274 1818 314 1877 ita
342 1815 422 1875 domi
445 1817 615 1897 improspera
633 1817 704 1888 fuit,
726 1818 766 1877 ob
776 1871 787 1887 .,

83 1898 299 1980 impudicitiam
325 1894 387 1959 filiae
410 1920 442 1957 ac
468 1899 579 1977 neptis,
607 1920 676 1980 quas
698 1900 768 1958 urbe

84 1981 214 2061 depulit,
229 1979 422 2061 adulterosque
433 2000 528 2039 earum
538 2000 629 2041 morte
640 2000 688 2039 aut
698 1978 769 2063 fugi

85 2063 202 2144 punivit
216 2084 222 2117 ε
234 2083 302 2121 nam
314 2061 425 2140 culpam
437 2064 509 2121 inter
520 2062 636 2120 virosae
647 2060 769 2122 feminas

85 2145 238 2225 vulgatam
254 2189 266 2211 ‚
299 2144 378 2224 gravi
403 2144 518 2201 nomine
543 2144 668 2201 latronem
696 2143 767 2201 reli-

83 2228 201 2304 gionum
215 2270 225 2293 ,
247 2243 280 2283 ac
300 2224 412 2285 violata
423 2222 571 2303 majestatis
582 2223 767 2303 appellando,

87 2306 274 2366 clementiam
299 2308 438 2382 majorum
450 2318 594 2383 ,suasque
613 2306 671 2384 ipse
692 2305 768 2387 leges

86 2386 295 2470 egrediebatur.
323 2384 378 2445 Sed
402 2386 522 2443 aliorum
546 2387 658 2456 exitus,
683 2387 768 2447 simul

87 2488 183 2528 cetera
204 2466 278 2534 illius
295 2467 382 2525 aetatis
401 2465 588 2537 memorabo,
613 2468 637 2524 si
661 2462 768 2526 effeciis

86 2550 118 2611 in
140 2570 203 2629 quae
226 2546 319 2617 tendi,
334 2546 423 2627 plures
441 2547 478 2606 ad
498 2568 575 2605 curas
591 2549 681 2606 vitam
701 2568 768 2623 pro-

89 2630 207 2689 duxero
222 2630 261 2689 D.
280 2628 390 2689 Silanus
406 2630 435 2686 in
453 2629 532 2708 nepti
547 2625 668 2707 Augusti
681 2626 767 2683 adul·

91 2732 151 2781 tet,
165 2730 341 2791 quamquam
361 2731 419 2767 non
438 2710 508 2767 ultra
530 2706 602 2767 foret
623 2708 766 2776 saevitum,

90 2790 180 2875 quim
207 2811 238 2879 ut
266 2786 533 2859 amicitie-cesaris
551 2784 767 2871 prohiberetur,
