2075 3659
179 304 427 375 AnuAtrtsM
453 267 540 375 lta..
563 306 632 378 IV.
688 334 759 399 209

73 425 229 511 Augustus
251 428 280 487 in
296 426 433 506 oppidum
453 428 645 506 Foroiuliense
668 434 756 490 mise-

73 530 149 579 rat,
171 507 269 568 valido
293 529 358 567 cum
377 512 494 591 remige.
516 510 572 569 Sed
592 515 760 592 praecipuum

74 590 170 649 robur
191 586 326 647 Rhenum
347 595 447 668 juxta,
472 596 671 653 communem
691 595 763 654 Ger·

74 692 187 731 manos
207 670 362 751 Gallosque
385 671 559 743 subsidium,
582 678 649 733 ocio
664 677 761 757 legio-

74 774 130 812 nes
160 772 247 813 erant.
275 752 420 831 Hispaniae
449 774 545 813 recens
568 756 759 834 perdomita,

76 834 174 894 tribus
192 830 378 895 habebantur.
402 834 520 893 Mauros
542 835 616 896 Juba
636 857 684 897 rex
707 858 761 897 ac-

77 936 218 994 ceperat,
243 914 352 973 donum
375 916 472 995 populi
495 916 630 977 Romani.
655 919 762 980 Cetera

77 994 213 1065 Africa,
237 996 369 1076 perditas
389 998 538 1079 legiones3
562 1001 677 1080 parique
701 1022 760 1060 nu-

79 1098 167 1137 mero
188 1077 333 1160 AEgyptus
359 1101 365 1133 :
387 1076 490 1137 dehinc
512 1080 597 1139 initio
622 1081 660 1140 ab
678 1082 760 1163 Syria

79 1181 174 1241 usque
193 1160 229 1219 ad
246 1162 350 1219 flumen
363 1157 544 1238 Euphraten,
558 1182 697 1243 quantum
715 1166 763 1223 in-

80 1243 167 1324 genti
186 1262 319 1301 terrarum
339 1240 401 1299 sinu
419 1242 567 1310 ambitur,
585 1265 706 1324 quatuor
724 1249 763 1303 le·

80 1323 222 1405 gionibus
248 1325 397 1385 coercita:
422 1324 526 1381 accolis
545 1324 648 1394 Ibero,
670 1326 763 1385 Alba-

80 1426 122 1463 no
147 1426 201 1475 ue,
223 1412 251 1464 δε
269 1404 331 1463 aliis
349 1403 479 1485 regibus,
499 1407 551 1485 qui
566 1408 764 1487 magnitudine

81 1428 181 1545 nolim
204 1505 282 1563 prote
304 1504 386 1545 untur
405 1484 553 1545 adversum
574 1507 685 1547 externa
708 1490 766 1547 imss

83 1571 175 1647 peria.
197 1566 236 1627 Et
256 1563 296 1625 T¹
318 1569 410 1625 aelam
433 1564 664 1639 Rhoemetalces,
681 1590 714 1628 ac
732 1571 767 1628 li·

84 1650 150 1709 beri
176 1646 299 1727 Cotyis;
325 1650 470 1728 ripamque
496 1648 645 1720 Danubii,
672 1652 767 1735 legio-

83 1752 158 1791 num
180 1729 240 1789 duae
265 1732 295 1789 in
322 1730 489 1801 Pannonia,
516 1731 576 1791 duae
604 1735 635 1791 in
660 1733 765 1795 Moesia

83 1812 250 1875 attinebant
271 1836 278 1868 ι
297 1811 417 1873 totidem
435 1812 509 1893 apud
528 1815 707 1875 Dalmatiam
724 1817 767 1875 lo·

85 1897 178 1966 catis,
199 1916 276 1975 qua,
290 1896 383 1973 positu
400 1896 543 1977 regionis,
559 1918 577 1955 a
593 1914 674 1978 tergo
692 1897 765 1968 illis,
825 1926 829 1933 ·

85 1998 143 2047 ac,
171 1977 195 2035 si
215 1976 391 2055 repentinum
412 1978 549 2035 auxilium
568 1977 651 2035 Italia
668 1998 767 2056 posce*

86 2080 157 2125 ret,
177 2055 254 2117 haud
273 2058 371 2136 procul
387 2059 545 2117 actitentur
564 2081 570 2114 ε
592 2076 768 2138 quamquam

87 2138 224 2199 insideret
246 2139 344 2197 urbem
365 2140 491 2218 proprius
514 2138 617 2207 miles,
640 2158 694 2198 tres
715 2157 766 2197 ut·

89 2222 195 2289 bana,
225 2242 329 2279 novem
352 2221 484 2298 praetoriae
506 2216 657 2288 cohortes,
677 2220 767 2279 Etru-

87 2302 133 2361 tih
153 2300 241 2361 ferme
258 2299 436 2381 Umbriaque
454 2300 588 2371 delectae,
604 2322 655 2361 aut
675 2322 768 2362 vetere

89 2384 198 2453 Latio,
216 2393 244 2443 δε
259 2384 379 2443 coloniis
394 2384 549 2464 antiquitus
562 2382 709 2442 Romanis.
728 2387 770 2443 At

90 2464 169 2545 apud
182 2461 286 2523 idonea
302 2467 511 2545 provinciarum
529 2466 612 2523 sociae
625 2467 771 2534 triremes,

92 2548 220 2628 alatque,
252 2555 280 2616 Bt
309 2546 413 2605 auxilia
444 2542 607 2605 cohortium
637 2568 644 2601 t
680 2564 771 2623 neque

93 2626 189 2689 multi>
205 2649 281 2689 setus
296 2628 326 2687 in
339 2628 372 2687 iis
384 2628 505 2695 vitium3
522 2624 570 2684 sed
583 2626 710 2703 persequi
721 2626 771 2683 in-

94 2732 203 2771 certum
225 2709 332 2780 fuerit,
363 2729 472 2790 quum,
497 2728 530 2783 ex
547 2726 599 2765 usu
618 2707 773 2783 temporis,

95 2790 151 2851 huc
168 2794 234 2851 illuc
251 2810 395 2871 mearent,
416 2790 566 2872 gliscerent
586 2806 726 2855 numero,
745 2795 774 2845 δι

94 2874 250 2955 aliquando
269 2875 466 2933 minuerentur.
