2075 3659
240 233 307 296 186
360 226 398 294 C.
427 225 579 293 Corn,
611 224 826 291 TAcrrr

235 346 355 431 profusis
392 344 549 425 sumptibus
589 344 734 413 exerciti,
768 342 928 422 paullatim

237 423 389 491 exolevere.
419 427 529 488 Causas
555 430 612 504 ejus
643 425 811 484 mutationis
841 448 926 505 quae-

237 534 294 571 rere
312 512 389 569 libet.
412 509 494 569 Dites
517 508 589 566 olim
604 504 728 566 'familiae
750 506 927 578 nobilium,

238 615 287 655 aut
311 590 475 651 cliritudine
507 590 654 671 insignes,
680 585 773 647 studio
804 591 929 672 magni-

238 673 356 735 ficentia:
379 670 597 757 prolabebantur
625 694 632 727 ι
658 672 838 729 numeriam
864 693 929 731 tutu

239 758 352 837 plebem
373 802 382 827 ,
404 756 523 824 socios,
545 774 631 835 regna
659 753 777 821 colere,
805 761 835 813 &
869 755 929 813 toli

239 840 350 901 licitum
374 862 381 894 ε
403 857 434 896 ut
456 836 574 917 quisque
592 832 712 914 opibus,
731 832 844 903 domo,
869 857 928 913 pa-

240 941 303 980 ratu
327 924 486 999 speciosus,
515 938 564 997 per
587 936 693 975 nomen
724 923 752 973 &
776 916 930 977 clientelas

240 1000 380 1061 inlustrior
404 998 562 1077 habebatur
590 1020 596 1053 :
621 993 770 1077 postquam
801 997 929 1059 caedibus

241 1084 389 1151 saevitum,
411 1090 438 1141 &
452 1077 622 1161 magnitudo
637 1077 721 1137 famae
734 1079 824 1138 exitio
838 1101 903 1141 erat
917 1104 930 1151 ς

243 1166 328 1224 ceteri
340 1162 375 1223 acl
388 1164 558 1243 sapientiora
569 1168 729 1231 convertere
742 1182 749 1215 ι
763 1162 847 1221 simul
854 1165 931 1223 novi

243 1244 374 1305 homines
399 1266 412 1303 e
435 1244 645 1321 municipiis&
668 1243 813 1313 coloniis,
838 1265 931 1325 atque

244 1330 331 1387 etiam
354 1326 526 1408 provinciis,
543 1325 574 1383 iu
590 1343 723 1383 senatum
746 1322 845 1385 crebri>
867 1326 927 1385 ad·

243 1410 372 1489 sumpti,
400 1404 584 1467 domesticam
613 1407 823 1484 parcimoniam
847 1408 932 1469 intu-

244 1490 337 1551 lerunt
360 1515 367 1549 :
398 1499 622 1571 &quamquam
649 1484 784 1559 fortuni,
810 1489 856 1547 vel
880 1492 931 1550 in·

245 1570 368 1643 dustrii,
383 1574 507 1653 plerique
526 1570 707 1649 pecuniosam
727 1569 765 1631 ad
783 1574 932 1631 seneciam

245 1655 442 1735 pervenirent,
460 1655 565 1713 mansit
586 1672 683 1711 tamen
705 1656 782 1732 prior
805 1656 930 1714 animus.

245 1734 302 1796 Sed
315 1737 465 1815 praecipuus
481 1732 604 1794 adstricti
625 1735 712 1793 moris
728 1738 829 1798 trucior
847 1736 930 1795 Ves-

247 1818 377 1898 pasianus
405 1816 487 1887 fuit,
516 1816 634 1896 antiquo
666 1817 723 1895 ipse
755 1817 834 1876 cultu
866 1819 932 1877 vic-

248 1920 359 1979 tuque:
379 1898 547 1979 obsequium
568 1897 633 1955 inde
654 1899 684 1957 in
701 1900 875 1979 principem,
903 1908 934 1959 &

247 1980 399 2045 aenrulandi
415 2002 515 2051 umor,
536 1979 678 2050 validior,
699 1977 786 2061 quim
800 2003 883 2061 poena
897 2002 935 2040 ex

248 2064 357 2146 legibus
380 2072 406 2125 &
425 2082 526 2123 merus.
543 2062 609 2141 Nisi
631 2060 706 2123 forte
723 2061 808 2122 rebus
825 2064 935 2123 cunciis

176 2210 181 2217 f,
248 2140 319 2204 inest
346 2144 463 2226 quidam
497 2144 574 2203 velut
602 2143 698 2213 orbis,
718 2163 768 2215 ut,
791 2144 932 2225 quemad-

248 2226 369 2287 modum
389 2246 548 2306 temporum
566 2226 662 2297 vites,
684 2227 724 2285 ita
743 2247 860 2285 morum
872 2248 935 2286 ver-

249 2328 345 2379 tantur
367 2329 441 2365 :nec
464 2310 562 2367 omnia
583 2307 658 2387 apud
672 2309 777 2387 priores
795 2310 935 2379 meliora,

249 2387 414 2449 sedrnostra
440 2410 554 2469 quoque
578 2410 643 2449 attus
669 2390 760 2449 multa
785 2390 878 2449 laudis
905 2400 935 2449 &

250 2474 377 2543 arrium,
402 2470 542 2530 imitanda
565 2469 703 2550 posteris,
724 2472 802 2531 tulit*
823 2470 935 2531 Verum

252 2550 310 2614 lraec
324 2554 407 2613 nobis
426 2556 446 2601 'l‘
460 2558 580 2634 majores
594 2554 749 2614 certamina
765 2575 798 2614 ex
815 2551 937 2615 honesto

253 2656 396 2697 maneant.

293 2718 373 2780 LVI.
385 2716 526 2791 Tiberius,
539 2714 617 2778 fami
627 2716 832 2781 moderationis
840 2714 935 2800 parti,
