2075 3659
248 317 321 397 296
373 308 410 378 C.
439 309 577 380 Coun.
609 311 798 379 TAcrrr

247 429 473 511 iuterfemusque'.
490 429 531 489 Et
546 430 635 489 sorori
650 435 709 509 ejus
728 431 842 491 Sanciae
862 433 940 514 aqui

248 531 335 594 atque
345 513 406 595 igni
420 511 615 582 intermistum,
626 531 776 572 accusante
787 513 830 590 Q.
845 513 940 574 Pom-

248 595 339 676 ponio
362 616 370 650 ε
388 595 411 652 is
429 593 556 652 motibus
574 595 702 674 inquies,
722 593 778 653 haec
795 592 826 654 Θ
843 595 940 678 lznjus·

249 675 354 736 comedi
369 697 387 734 a
400 675 564 753 sefcrtiitori
574 674 780 754 praetendebat,
793 695 845 746 ut,
853 677 942 750 parui

249 759 325 831 apud
335 757 487 830 principem
504 757 615 835 grotiri,
627 757 761 830 periculis
781 757 941 831 Pomponii

250 836 370 898 Secundi
380 839 484 915 fratris
499 840 655 896 mederetur.
675 838 775 897 Etiam
796 839 830 898 in
852 839 943 898 Pom-

250 921 347 1001 peiam
362 920 525 978 Macrinam
546 919 674 978 exsilium
692 917 845 989 statuitur,
861 925 943 999 cujus

249 1001 406 1072 maritum,
439 1000 630 1082 Argolicum,
656 1020 806 1071 socetum,
840 1001 941 1060 Lam-

250 1101 341 1151 nem,
366 1101 381 1138 e
410 1081 579 1161 primoribus
606 1077 803 1150 Achaeorum,
839 1081 941 1143 Caesat

250 1161 407 1223 adflixerat,
430 1163 513 1222 Patet
538 1183 671 1245 quoque,
700 1161 821 1223 inlustris
853 1185 942 1246 eques

221 1265 228 1283 ·
250 1243 416 1315 Romanus,
431 1266 464 1307 ac
475 1243 560 1305 fratet
573 1245 733 1324 pretorius,
748 1266 842 1326 quum
854 1245 941 1306 dam-

251 1327 335 1386 natio
353 1323 485 1398 instaret,
503 1346 532 1386 se
554 1327 606 1404 ipsi
626 1324 786 1384 interfecere
809 1326 939 1387 :datum

251 1425 314 1466 erat
321 1408 453 1476 crimini,
465 1407 538 1484 quod
551 1407 730 1480 Theophanen
739 1407 942 1488 Mitylenaeum

247 1509 387 1563 proavum
402 1510 511 1558 eorum,
533 1491 579 1548 Cn.
596 1487 719 1567 Magnus
733 1489 807 1568 inter
818 1491 942 1550 intimos

251 1567 397 1628 habuisset
424 1593 434 1629 .·
458 1570 576 1646 quodque
597 1570 718 1646 defuntio
748 1569 941 1646 Theophani,

224 1693 232 1708 .
255 1650 320 1708 coele
340 1673 369 1709 es
379 1651 494 1710 honores
506 1650 735 1710 Graecaodulotio
747 1652 896 1710 tribuerat.

223 1743 227 1750 '
261 1787 265 1793 ,
325 1729 377 1790 ΙΧ.
399 1728 465 1789 Post
493 1753 565 1813 quos
588 1732 651 1791 Sex.
673 1733 800 1802 Murius,
821 1731 939 1814 Hispa-

253 1811 367 1871 niarum
406 1810 559 1871 ditissimus
585 1857 595 1883 ,
636 1811 758 1872 defertur
790 1814 942 1896 incestasse

197 1953 200 1958 ,
249 1893 368 1974 filiam,
385 1901 414 1953 &
435 1914 504 1952 saxo
523 1893 648 1973 Tarpeio
667 1893 795 1972 dejicitur
814 1918 823 1952 :
845 1917 884 1954 ac
904 1917 943 1956 ne

255 1973 375 2034 dubium
403 1971 569 2044 haberetur,
594 1975 821 2058 magnitudinem
844 1997 942 2056 pecu-

256 2057 311 2116 niae
324 2056 403 2116 malo
412 2057 524 2116 vertisse
535 2101 547 2126 ,
558 2058 734 2138 amariasque
746 2063 820 2136 ejus,
831 2078 942 2138 quam-

252 2158 345 2218 quam
368 2136 589 2218 publicarenttu,
609 2138 724 2198 sibimet
740 2138 876 2199 Tiberius
897 2161 946 2200 se-

254 2219 352 2298 posuit
375 2241 382 2274 :
409 2220 592 2300 inritatusque
611 2221 773 2300 suppliciiS,
801 2224 943 2294 cunfius,

255 2299 308 2377 qui
334 2317 445 2357 cancere
465 2300 678 2370 attinebantur,
698 2303 821 2361 accusati
840 2305 941 2361 socie-

256 2378 323 2438 tatis
341 2399 406 2437 cum
419 2380 542 2458 Sejano‚
560 2383 654 2440 necari
663 2382 750 2461 jubet.
768 2383 862 2442 Jacuit
881 2385 944 2443 im-

258 2479 356 2519 mensa
375 2457 478 2555 strages
495 2465 609 2523 :omnis
628 2484 707 2524 sexus
719 2509 728 2535 ,
740 2465 834 2524 omnis
853 2483 942 2537 aetas,

258 2539 407 2613 inlustres,
433 2543 593 2626 ignobiles,
617 2544 760 2626 dispersi,
782 2564 832 2604 aut
850 2565 943 2630 agge<

257 2624 312 2681 tati
332 2647 340 2680 ε
360 2643 450 2705 neque
468 2627 650 2707 propinquis,
670 2645 718 2686 aut
736 2627 943 2688 anicioadsis-

259 2721 316 2763 tere
335 2750 348 2774 ‚
381 2705 597 2787 inlacrymare,
630 2727 666 2766 ne
702 2709 789 2766 visere
841 2707 942 2768 uidem

259 2785 363 2849 diutius
381 2785 520 2860 dabatur3
539 2787 586 2850 sed
608 2789 805 2869 citcumjetiic
867 2788 921 2850 des
930 2833 942 2864 ,
