2075 3659
267 280 314 362 '48
348 342 351 351 ,
391 276 428 345 C.
456 241 604 345 coru.
637 276 821 343 TAcrrr

270 396 360 465 obiit,
380 395 419 453 ob
441 394 648 474 impudicitiam
663 394 734 453 olim
757 412 870 473 aparte
888 392 953 455 Au⁴

269 474 350 559 gusto
364 474 531 535 Pandateria
544 473 650 546 insulis,
665 496 733 534 mox
744 475 851 555 oppido
870 474 951 555 Rhe-

269 559 423 639 ginorum,
446 558 494 637 qui
519 556 644 617 Siculum
663 554 766 615 fretum
789 557 950 626 accolunt,

269 638 370 697 clausa.
390 639 489 699 Fuerat
503 639 533 696 in
543 639 727 697 matrimonio
745 637 874 708 Tiberii,
894 641 948 697 flo-

267 720 391 779 rentibus
408 719 484 779 Caio
504 727 531 779 &
551 720 641 777 Lucio
662 718 842 787 Caesaribus,
864 740 947 797 spre-

267 820 400 880 veratque
414 820 445 861 ut
459 804 614 879 imparem3
628 820 681 859 nec
695 800 750 860 alia
767 820 828 858 tam
841 801 949 861 intima

239 878 240 881 '
268 878 386 945 Tiberio
408 902 511 950 causa,
535 903 582 940 cur
598 878 733 939 Rhodum
756 880 946 941 abscederet:

267 962 417 1041 imperium
437 961 575 1041 adeptus,
602 982 757 1031 extorrem,
779 960 946 1033 infamem,
1030 961 1031 1026 ἶ

256 1034 295 1119 ⁹&
311 1041 372 1121 post
389 1042 568 1103 interfectum
583 1041 748 1103 Postumum
763 1043 791 1101 A
827 1045 948 1123 'ppam,
1030 1095 1031 1112 ,

267 1125 361 1187 omnis
377 1125 435 1202 spei
453 1145 590 1207 egenam,
607 1126 704 1203 iuopia
722 1146 755 1185 ac
771 1143 799 1183 ta
821 1145 836 1181 e
855 1125 948 1207 longa

267 1206 403 1283 peremit,
419 1205 568 1265 obscuram
584 1204 644 1266 fore
657 1205 945 1288 necemlonginqui-
1030 1211 1031 1256 ἒ

268 1304 326 1345 tute
338 1286 428 1345 exsilii
438 1307 520 1347 ratus.
536 1288 589 1345 Par
600 1307 681 1346 causa
695 1288 804 1347 saevitia
817 1290 847 1347 in
856 1288 945 1347 Sem·
1030 1283 1031 1344 ζ

266 1369 397 1447 pronium
425 1364 606 1436 Gracchum,
626 1371 675 1448 qui
701 1368 810 1427 familia
828 1369 945 1439 nobili,

267 1448 351 1509 solers
376 1451 510 1531 ingenio,
536 1458 563 1509 &
584 1450 667 1529 prave
691 1449 841 1519 facundus,
868 1471 946 1509 eam·

268 1528 332 1588 dem
354 1530 458 1589 Juliam
484 1532 513 1589 in
535 1532 719 1589 matrimonio
739 1532 785 1593 Μ.
809 1532 945 1613 Agrippae

268 1631 476 1677 temeraverat:
498 1632 550 1671 nec
571 1612 595 1669 is
613 1611 727 1672 libidini
748 1610 829 1681 finis3
854 1614 945 1673 tradi-

186 1710 188 1714 ’
268 1710 327 1751 tarn
342 1692 480 1761 Tiberio,
495 1694 623 1770 pervicax
639 1693 748 1757 adulter
760 1694 945 1753 contumaci&

268 1781 295 1850 δι
318 1772 391 1831 odiis
411 1774 440 1831 in
462 1775 596 1831 maritum
619 1774 808 1844 accendebat3
828 1776 945 1835 littetae-

267 1874 339 1933 que,
361 1874 429 1933 quas
443 1853 518 1912 Julia
534 1856 608 1932 patri
624 1854 754 1937 Augusto
770 1876 835 1918 cum
853 1857 945 1916 insec-

268 1936 376 1994 tatione
391 1934 501 1992 Tiberii
522 1937 645 2015 scripsit,
667 1959 684 1996 a
702 1934 834 1997 Graccho
854 1959 942 1997 com-

266 2019 363 2095 posita:
384 2015 577 2091 credebantur
594 2017 685 2098 Igitur
708 2038 820 2077 amotus
841 2018 946 2079 Cerci-

265 2120 353 2168 nam,
366 2096 457 2155 Africi
474 2099 558 2157 maris
573 2098 710 2167 insulam,
726 2099 943 2178 quatuordecim

267 2181 347 2242 annis
372 2180 498 2237 exsilium
519 2179 656 2238 toleravit.
679 2179 706 2237 T
709 2201 761 2238 unc
780 2180 886 2243 milites
905 2182 944 2242 ad

267 2260 370 2336 caedem
391 2260 466 2317 missi
489 2261 618 2317 invenere
638 2261 668 2317 in
693 2263 864 2339 prominenti
888 2264 942 2323 lit-
1030 2295 1031 2300 ¹

268 2342 335 2405 toris
359 2337 430 2399 nihil
456 2339 550 2399 lactum
576 2343 769 2419 opperientem
792 2364 798 2399 :
819 2364 943 2423 quorum
1030 2393 1031 2396 ,

266 2421 389 2485 adventu
409 2420 487 2480 breue
507 2438 611 2494 tempus
629 2425 750 2499 petivit,
770 2442 800 2482 ut
815 2446 944 2499 suprema

266 2506 396 2567 mandata
412 2504 493 2570 uxori
507 2500 637 2561 Alliariae
648 2526 699 2575 per
713 2505 821 2563 litteras
839 2509 942 2567 darer:
1030 2497 1031 2538 ³

267 2586 457 2664 cervicemque
481 2583 682 2663 percussoribus
702 2586 832 2653 obtulit,
853 2602 942 2647 'cons-
1030 2627 1031 2630 =

267 2664 357 2725 tanrizi
386 2666 484 2723 mortis
513 2662 589 2722 haud
613 2663 745 2747 indignus
770 2667 951 2746 Sempronio,
1030 2673 1031 2736 J

266 2750 383 2828 nomine
407 2769 417 2819 3
451 2743 511 2805 vitel
542 2745 758 2829 degeneraverat
783 2770 790 2805 z
822 2749 942 2828 quidam
1030 2767 1031 2770 ’

882 2850 943 2892 non
