2075 3659
240 296 304 362 118
361 290 398 360 C.
427 289 571 359 corn.
603 287 792 356 TAcrrr

237 414 343 494 linquit
371 410 599 478 Germanicum,
628 407 815 487 pravenitque
843 426 851 463 ε
886 413 920 468 ει

235 493 386 576 postquam
398 492 511 572 Syriam
532 511 565 550 ac
583 489 709 571 legiones
726 488 846 570 attigit,
862 487 919 547 lar-

237 577 372 659 gitione,
397 573 529 643 ambitu,
555 568 669 632 infimos
695 569 917 650 manipularium

236 656 360 738 juvando
371 701 383 725 ,
406 675 496 736 quum
511 670 619 713 veteres
641 653 838 722 centuriones,
864 671 915 710 se-

237 759 317 798 veros
333 738 460 799 tribunos
477 736 658 804 demoveret,
679 733 798 814 locaque
815 753 917 794 eorum

237 819 386 880 clientibus
399 820 472 889 suis,
491 818 537 877 vel
555 815 704 876 deterrimo
722 815 822 896 cuique
835 816 918 874 attri-

236 900 355 970 bueret,
377 899 512 963 desidiam
532 900 562 956 in
584 895 696 965 castris,
714 897 860 956 licentiam
882 898 915 958 in

236 983 369 1052 urbibus,
383 1002 491 1063 vagum
509 1001 544 1038 ac
556 979 748 1038 lascivientem
762 997 810 1058 per
828 997 915 1060 agros

236 1065 360 1123 militem
386 1064 515 1133 sineret,
544 1057 595 1119 eb·
610 1079 697 1142 usque
727 1061 914 1140 corruptionis

236 1148 381 1225 prouedlus
404 1142 459 1214 est,
480 1163 512 1202 ut
534 1162 663 1202 sermone
687 1141 785 1224 vulgi,
804 1141 915 1201 Parcus

236 1227 372 1305 legionum
390 1223 547 1285 haberetur.
566 1223 630 1282 Nec
643 1222 778 1282 Plancina
794 1243 822 1280 se
838 1223 914 1283 intra

237 1308 338 1368 decora
373 1306 489 1367 feminis
518 1304 663 1374 tenebat3
693 1304 742 1363 sed
779 1305 915 1364 exercitio

238 1390 366 1470 equitum
377 1435 389 1458 ,
410 1388 570 1448 dectusibus
586 1384 747 1445 cohortium
761 1386 914 1444 interesse:

236 1472 268 1530 in
289 1472 498 1553 Agrippinam,
524 1470 554 1528 in
578 1468 781 1528 Germanicum
804 1487 913 1526 contu·

237 1553 335 1612 melias
358 1559 446 1631 jacere
473 1575 479 1608 ι
507 1549 676 1630 quibusdam
703 1551 791 1609 eriam
812 1548 913 1608 bono-

202 1703 204 1708 ,
236 1655 298 1693 rum
315 1635 440 1694 militum
461 1632 497 1692 ad
511 1633 588 1692 mala
606 1631 742 1712 obsequia
755 1633 914 1711 promptis,

236 1712 315 1796 qudd
323 1715 496 1775 hnudinoiro
505 1716 666 1788 inperatore
674 1734 707 1772 ea
709 1714 777 1792 fieri
785 1713 916 1774 occutus

236 1817 331 1855 rumor
355 1795 512 1854 incedebat.

277 1878 357 1936 LVI.
380 1878 461 1936 Nora
481 1873 539 1936 hac
559 1876 753 1946 Germanic03
777 1876 832 1935 sed¹
847 1897 916 1958 ptae-

236 1961 308 2020 verti
333 1958 370 2018 ad
400 1959 552 2018 Armenios
580 1957 727 2017 instantior
752 1977 816 2018 cura
846 1957 912 2020 fuit.

235 2042 383 2124 Ambigua
397 2062 465 2124 gens
477 2060 511 2099 ea
525 2041 693 2120 antiquitus,
709 2037 859 2099 hominum
872 2044 916 2101 in-

236 2125 345 2206 geniis,
365 2132 392 2183 &
407 2124 462 2182 situ
483 2141 634 2189 terrarum,
651 2141 709 2201 quo
731 2119 830 2181 nostris
849 2143 916 2202 pro·

235 2206 337 2264 vinciis
360 2206 418 2264 late
442 2223 595 2284 praetenta,
618 2202 727 2282 penitus
749 2201 786 2261 ad
806 2204 913 2265 Medos

236 2288 406 2367 porrigitur3
421 2286 607 2364 maximisque
621 2285 743 2364 imperiis
754 2285 913 2364 interjecli,

236 2377 264 2428 δι
289 2368 386 2445 saepius
412 2365 552 2425 discordes
580 2382 667 2435 sunt,
697 2365 826 2426 adversus
848 2367 914 2427 Ro-

236 2469 337 2510 manos
354 2448 443 2519 odio,
466 2457 493 2508 dr
510 2448 541 2505 in
564 2444 699 2506 Parthum
718 2447 835 2508 inviditl.
852 2449 917 2510 Re-

237 2551 304 2612 gem
317 2531 365 2590 illa
379 2528 543 2611 tempestate
556 2549 615 2587 non
633 2526 792 2601 habebant,
809 2545 914 2593 amoto

235 2614 363 2673 Vonone
382 2635 389 2669 ε
407 2613 455 2673 sed
473 2613 555 2673 favor
567 2612 690 2670 nationis
709 2613 865 2676 inclinabat
879 2619 911 2676 in

236 2695 382 2756 Zenonem
397 2694 559 2756 Polemonis
577 2694 649 2774 regis
668 2693 781 2753 Pontici
798 2694 910 2770 filiurn,

237 2779 316 2859 qubd
348 2782 493 2861 is‘prima
519 2775 557 2835 ab
584 2773 706 2836 bisantia
728 2771 856 2841 instituta
882 2789 912 2842 dc
