2075 3659
199 294 448 359 {inunctum
475 299 624 360 Nora.
715 322 770 379 359

90 406 174 461 codex
186 424 233 456 mc.
249 425 300 457 non
311 405 387 471 firili,
404 407 478 473 idque
493 408 601 457 malebat
619 407 775 460 Gronovius.

94 485 181 606 siesbus
191 481 264 558 gestis
278 484 381 547 amplam
393 482 534 532 mercedem
543 481 591 531 effe
601 483 775 533 conscientiam

94 575 121 624 lp
134 573 212 606 arum.

95 715 175 764 trum,
195 702 239 752 seu
254 701 342 751 Austro
351 703 403 766 rapi
414 703 509 767 coepit:
519 702 562 768 qui
570 701 657 752 Auster
664 704 696 752 ob
704 720 778 754 mon·

95 778 162 828 tosat
183 774 324 826 Germaniae
342 786 439 826 terras.
450 809 474 826 0.
496 776 594 825 validus
614 776 660 825 de.

135 867 162 902 2.
185 847 300 898 Mutabat
323 848 397 911 alsus.
421 849 515 916 Suppse
527 849 575 914 fe,
597 849 686 900 eodem
705 848 778 901 sensu

98 942 150 992 quo
167 921 302 971 mutabatur
316 922 390 983 astus.

139 1009 165 1060 3.
181 995 254 1045 Alvei
268 1011 389 1046 manantes
396 1013 439 1062 per
448 996 536 1047 latera.
550 997 633 1064 Quum
654 995 718 1046 enim
734 997 780 1046 de·

98 1069 185 1140 pteffae
203 1072 319 1120 oneribus
334 1086 409 1121 naves
418 1071 563 1136 profundius
575 1087 640 1120 mare
650 1069 780 1134 secarent,

99 1162 184 1196 earum
196 1145 286 1194 summa
301 1145 378 1194 latera
397 1145 499 1210 propiris
515 1147 618 1194 aberant
629 1147 658 1193 ab
673 1143 726 1210 ejus
737 1145 780 1194 su·

98 1219 227 1286 perficie,
249 1229 324 1284 atque
345 1215 377 1267 ed
399 1221 454 1282 plue
478 1233 547 1284 aquae
566 1235 580 1266 a
600 1220 779 1284 superurgente

99 1294 175 1343 fluctu
192 1293 356 1358 accipiebant.
370 1291 496 1343 Levantur
509 1293 592 1356 itaque
603 1293 735 1352 oneribus,
752 1300 781 1340 ut

99 1367 167 1417 labra
184 1368 287 1416 iaterum
302 1365 398 1414 exstent
407 1363 479 1414 altius
489 1365 569 1430 aquis.
578 1363 670 1414 Alveos
680 1381 781 1412 manan-

100 1455 155 1499 tes,
173 1439 286 1507 intellige
297 1455 372 1489 navet
384 1438 447 1504 ipsas
459 1437 593 1504 superfusis
605 1439 635 1486 ab
646 1437 714 1503 aquis
726 1455 780 1485 ma·

101 1528 183 1564 nantes
201 1533 210 1564 .·
228 1531 282 1563 nam
301 1513 326 1563 ὃ(
342 1512 418 1563 solida
429 1513 544 1561 dicuntur
554 1528 664 1569 manare,
679 1512 780 1576 quoties

100 1590 150 1638 illis
163 1589 253 1638 humor
269 1585 359 1637 affusus
375 1586 417 1636 etr.
429 1587 469 1636 Sic
480 1585 564 1638 Livius
576 1585 637 1634 dixit
647 1599 781 1636 manantem

102 1680 187 1713 cruore
201 1661 309 1711 cultrum.
326 1659 481 1711 Gronovius.

141 1735 238 1787 xxiv.
261 1734 352 1786 1.Ant
371 1734 498 1795 itavasto.
509 1768 551 1785 ...
566 1746 592 1781 nt
603 1733 722 1782 credatur.
733 1765 739 1780 .
752 1763 781 1783 ..
830 1793 834 1802 Ι

102 1812 155 1858 eine
166 1812 236 1858 terris
245 1826 316 1858 mare.
329 1809 390 1858 Levi
406 1807 542 1858 mutatione
554 1805 685 1856 rotundior
697 1805 744 1854 erit
756 1805 782 1856 dt

101 1883 216 1948 apertior
223 1883 316 1941 sensus,
325 1883 345 1932 ti
356 1899 413 1933 runt
423 1881 555 1933 Gronovio
566 1883 635 1948 legas
644 1879 783 1940 iravasto...

103 1970 130 2005 tet
146 1958 290 2007 credatur...
308 1959 359 2006 sine
375 1959 461 2016 terris,
479 1957 548 2002 mari.

142 2047 167 2084 2·
180 2030 217 2080 Ab
226 2031 383 2081 interioribus.
400 2030 438 2078 Ab
457 2027 577 2096 gentibus
594 2025 726 2076 Germanis
744 2040 785 2076 re·

102 2105 252 2157 notioribus
269 2105 295 2155 dt
313 2106 338 2154 in
355 2103 550 2168 septentrionem
565 2098 655 2150 versis.

138 2177 223 2231 XXV.
239 2177 400 2243 1.Exscindia
410 2195 457 2226 non
469 2177 551 2241 aafiam
565 2173 675 2240 congredi
688 2171 782 2234 hostem.

104 2251 205 2318 Lipsius
216 2251 316 2314 mallet,
333 2251 450 2315 exscindit
463 2268 511 2300 non
523 2247 581 2312 auso
591 2247 700 2314 congredi
708 2245 784 2307 lroste,

105 2340 157 2375 aut.
169 2360 177 2376 .
189 2363 197 2378 .
218 2325 287 2391 paiste
299 2363 307 2389 ‚
318 2325 377 2376 oc.
397 2325 531 2391 Vulgatam
550 2321 682 2371 lectionem
700 2331 785 2369 tuetur

104 2399 252 2452 Gronovius
267 2415 299 2449 eo
316 2397 404 2459 sensu,
420 2408 448 2446 ut
463 2398 535 2459 doliis
549 2396 656 2445 sumatur
666 2409 711 2458 pro
722 2394 785 2443 iocis

104 2473 166 2541 ipsis
179 2473 205 2523 dt
218 2474 292 2520 rebus
305 2471 379 2521 hostis
392 2487 443 2520 non
458 2472 511 2520 ausi
527 2487 581 2520 cum
595 2468 712 2519 Romanis
722 2483 785 2516 con·

109 2546 191 2617 gredi.
661 2603 663 2608 Ι

144 2617 241 2671 xxvi.
261 2617 445 2669 miserias...
467 2619 492 2664 in
513 2613 673 2666 Germaniam.
694 2613 751 2663 Sive
771 2629 785 2682 a

103 2691 205 2752 Gallis,
216 2693 270 2743 sive
280 2693 311 2741 ab
321 2691 424 2760 Illyrico
432 2689 458 2739 dt
469 2690 593 2741 Pannonia
603 2687 786 2754 penetrandam.

145 2783 177 2822 2.
198 2766 332 2835 Deponate
355 2765 486 2828 uncam,
509 2765 528 2817 i.
553 2781 578 2820 e.
603 2763 755 2828 triumphare
775 2777 786 2822 ς

132 625 522 689 xxtrr.1.nnusmmann.
538 629 703 681 ennaranti
713 627 778 685 rus.
838 671 840 674 ,
879 596 893 608 ’
