2075 3659
191 331 439 403 Anunrwu
462 331 547 402 Lm.
571 332 641 402 IV.
693 353 711 400 2
719 356 762 423 57

63 452 175 517 Atrox
192 454 280 513 Drusi
298 454 447 594 inplenium
463 499 475 522 ,
498 471 580 532 super
604 450 763 532 cupidinem

66 537 232 617 potentiae,
255 543 282 594 δι
302 555 333 592 so
346 535 385 592 ‘ta
404 531 534 596 fratribus
551 532 641 602 odia,
664 553 766 602 accen⁴

68 617 202 676 debatur
229 612 360 684 invidii,
386 612 466 695 qubd
493 633 582 673 mater
606 615 765 696 Agrippina

67 699 242 780 promptior
260 695 373 755 Neroni
391 713 451 754 erat
470 718 477 752 ι
496 715 587 775 neque
603 713 700 754 tamen
717 696 765 755 Se-

69 784 163 862 janus
180 780 219 838 ita
236 778 362 838 Drusum
377 774 512 846 fovebat,
526 795 557 834 ut
574 797 633 835 non
654 777 684 834 in
700 797 765 836 cum

71 881 198 942 quoque
220 861 328 918 semina
351 855 438 916 futuri
458 858 538 916 exitii
563 856 775 928 meditareturc-

74 963 191 1024 gnarus
205 939 404 1021 praeferocem,
425 946 453 998 δι
469 936 579 998 insidiis
600 939 692 1022 magis
713 959 767 1018 op-

73 1041 248 1103 portunum.

121 1103 204 1162 LXI.
223 1104 292 1163 fine
311 1104 379 1162 anni
395 1123 530 1164 excessere
548 1101 602 1162 insi
624 1101 764 1172 tresviri,

75 1183 201 1245 Atinius
223 1184 374 1283 Agpippa,
400 1184 480 1246 claris
502 1123 657 1263 majoriius
679 1179 765 1262 quim

77 1263 219 1336 vetustis,
234 1267 349 1346 vitaque
367 1288 427 1324 non
442 1265 562 1346 degener
571 1287 581 1335 5
603 1273 630 1324 &
646 1264 687 1339 Q.
704 1263 766 1324 Ha·

78 1349 169 1406 terius
191 1392 203 1418 ,
230 1345 341 1406 familiai
368 1345 536 1415 senatorii,
568 1345 734 1426 eloquentiae
755 1390 767 1416 ‚

79 1427 184 1510 quoad
208 1427 490 1498 vixitjcelebrarae:
514 1443 699 1484 monumenta
721 1426 769 1484 in-

82 1511 166 1593 genii
179 1514 237 1588 ejus
253 1507 329 1568 haud
346 1507 459 1588 perinde
475 1508 638 1566 retinentur.
653 1505 767 1566 Scilicet

81 1593 197 1671 impetu
211 1591 322 1673 magis,
338 1587 425 1670 quim
443 1586 508 1647 curi
523 1587 640 1670 vigebat
658 1609 664 1644 ε
682 1605 769 1667 utque

83 1674 210 1733 aliorum
237 1671 386 1730 meditatio
415 1679 443 1731 δι
466 1669 547 1730 labor
569 1670 600 1729 in
628 1667 767 1748 posterum

84 1753 225 1824 valescit3
243 1755 284 1813 sic
298 1753 410 1812 Haterii
423 1771 558 1812 canorum
576 1749 645 1810 illud
662 1760 690 1812 δι
705 1767 768 1832 pro·

86 1837 201 1905 fluens,
222 1855 287 1894 cum
301 1837 362 1914 ipso
383 1835 466 1894 simul
484 1831 649 1894 exstinctum
668 1831 715 1893 est.

65 1917 69 1922 ’
131 1916 224 1976 LXII.
241 1917 286 1976 M.
303 1917 439 1985 Licinio,
453 1917 486 1974 L.
503 1915 663 1994 Calpurnio
682 1913 766 1976 Coss.
784 1923 786 1930 ⁴

89 1999 250 2081 ingentium
271 1997 410 2056 bellorum
431 1995 541 2055 cladem
566 1997 687 2075 aequavit
706 2017 769 2054 ma-

90 2080 151 2139 lum
177 2080 362 2157 improvisum
389 2102 395 2134 ε
424 2082 482 2155 ejus
506 2076 619 2136 initium
638 2076 721 2135 simul
742 2084 770 2136 δι

92 2161 155 2220 fluis
180 2157 292 2218 exstitit.
315 2160 395 2218 Nam
421 2175 513 2236 coepto
539 2156 613 2235 apud
633 2155 770 2216 fidenam

95 2237 303 2320 amphitheatro
324 2285 336 2309 ,
368 2238 473 2298 Atilius
499 2235 617 2319 quidam
647 2237 772 2296 libertini

96 2324 232 2406 generis,
265 2317 324 2402 qud
357 2320 544 2400 spectaculum
582 2317 771 2403 gladiatorum

97 2404 266 2472 celebraret,
290 2422 382 2483 neque
407 2400 591 2461 fundamenta
622 2421 669 2480 per
698 2401 770 2460 soli-

99 2484 165 2546 dum
196 2482 348 2554 subdidit,
368 2503 459 2564 neque
481 2481 569 2542 firmis
588 2482 707 2542 nexibus
729 2483 769 2540 li·

100 2586 201 2650 gneam
229 2585 397 2664 compagem
424 2561 600 2642 superstruxit
628 2585 634 2619 :
664 2581 695 2622 ut
722 2562 772 2643 qui

100 2669 157 2707 non
174 2645 348 2706 abundantia
370 2645 515 2724 pecuniae,
536 2663 587 2704 nec
609 2643 784 2721 municipali

101 2728 270 2801 ambitione,
286 2726 334 2786 sed
352 2727 380 2785 in
400 2724 511 2786 sordida
531 2722 658 2784 mercede
677 2722 706 2781 id
728 2743 775 2780 ne-

102 2811 209 2894 gocium
219 2810 396 2892 quaesivisset
407 2805 556 2870 Adduxere
570 2803 648 2869 auidi
662 2804 776 2878 talium,'
