2075 3659
281 322 358 386 -268
414 317 452 385 C.
485 315 627 386 Corn.
662 318 874 387 Tecrrr

286 436 412 518 proditio
433 436 629 506 metuebatur,
654 439 761 497 mutuis
780 439 888 501 ictibus
908 445 972 522 pro-⁴

288 519 423 578 cubuisse.
478 552 484 560 ·
683 527 685 532 “

329 599 466 660 LXXIV.
486 598 607 661 Clarum
627 599 693 660 inde
714 601 788 660 inter
809 603 969 664 Germanos

266 681 406 760 ,Frisium
438 701 545 742 nomen
578 706 585 738 ε
617 681 814 741 dissimulante
853 684 969 744 Tiberio

288 761 411 834 damna,
427 784 463 822 ne
484 766 529 822 cui
545 763 652 824 bellum
667 765 854 844 permitteret.
870 766 968 847 Neque

285 864 397 906 senatus
421 846 451 904 in
473 865 510 902 eo
536 865 621 916 cura,
646 866 683 904 an
704 846 821 924 imperii
850 867 968 908 extrema

285 924 560 987 dehonestarenturr
589 947 677 1007 pavor
699 927 829 986 internus
850 949 968 1009 occupe-
1021 987 1023 994 ,

285 1027 364 1067 verat
391 1010 518 1079 animos,
549 1009 594 1067 cui
616 1006 774 1067 temedium
805 1007 967 1070 adulatione

285 1089 468 1170 querebatur.
500 1090 563 1160 Ita,
590 1109 766 1170 quamquam
789 1088 897 1150 diversi
920 1113 965 1151 su-

285 1191 334 1252 per
349 1170 432 1230 rebus
447 1171 674 1240 consulerentur,
691 1193 772 1229 aram
794 1173 963 1244 clementie,

284 1274 364 1312 aram
381 1251 545 1322 Amicitia,
567 1251 714 1331 effigiesque
727 1251 832 1311 circem
856 1257 967 1313 Casan}

285 1357 319 1394 ac
348 1333 447 1415 Sejatri
470 1355 593 1393 censuere
617 1358 627 1391 .·
655 1333 814 1413 crebrisque
843 1336 964 1414 precibus

285 1415 499 1500 efflagitabant,
520 1416 632 1476 visendi
644 1415 692 1472 sui
710 1415 820 1488 copiam
834 1416 965 1497 facerent.

284 1496 358 1557 Non
375 1497 418 1557 illi
441 1515 538 1556 tamen
557 1498 587 1555 in
607 1493 721 1566 urbem,
739 1514 789 1554 aut
808 1500 964 1579 propinqua

285 1579 350 1638 urbi
370 1576 490 1661 degressi
507 1597 571 1638 sunt
591 1601 598 1634 ι
616 1578 681 1637 saris
697 1578 813 1647 visum,
839 1581 964 1638 omittere

284 1660 425 1730 insulam,
439 1668 466 1719 δι
477 1661 508 1718 in
517 1660 649 1739 proximo
660 1658 832 1738 Campaniae
842 1660 962 1740 adspicit

284 1740 322 1799 eb
341 1742 435 1800 venire
453 1758 559 1820 patres,
580 1759 684 1822 eques,
703 1759 812 1824 magna
833 1761 897 1820 pars
912 1741 962 1822 ple

284 1821 348 1892 bis,
362 1823 440 1880 anxii
451 1841 518 1903 erga
537 1821 687 1900 Seianum,
702 1826 779 1900 cujus
792 1821 889 1880 durior
899 1845 964 1881 con-

285 1923 409 1987 gressus,
430 1922 513 1983 atque
535 1900 570 1962 eb
588 1923 636 1982 per
654 1902 816 1974 ambitum,
837 1906 963 1962 &socie

286 2003 344 2044 tate
361 1986 543 2048 consiliorum
559 1983 715 2064 parabatur.
733 1985 806 2044 Satis
819 1983 963 2044 constabat
1020 2019 1021 2025 κ

285 2069 400 2126 audiam
425 2068 451 2124 ei
476 2066 692 2148 adrogantiam,
713 2063 822 2124 foedum
844 2065 961 2125 illudio

285 2147 436 2228 propatulo
442 2148 585 2206 servitium
592 2148 728 2226 specianti
737 2169 744 2202 ε
755 2147 960 2228 quippeRomae

284 2231 357 2288 sueri
374 2227 529 2298 discursus3
551 2238 579 2288 δε
599 2226 795 2312 magnitudine
815 2229 890 2288 urbis
912 2230 957 2286 in·

285 2328 414 2381 certum,
436 2310 515 2390 quod
537 2311 654 2392 quisque
676 2309 713 2368 ad
733 2311 882 2392 negotium
905 2329 959 2390 per«
1017 2337 1018 2340 ¹

309 2408 338 2449 at
354 2414 360 2446 r
379 2391 421 2451 ibi
435 2412 539 2472 campo
553 2410 601 2450 aut
616 2392 708 2451 littore
725 2396 865 2470 jacentes,
885 2391 956 2450 nullo
1016 2429 1017 2450 r

287 2411 468 2543 discrimine,
493 2477 608 2533 nollem
628 2493 661 2532 ac
684 2472 780 2543 diem,
798 2471 876 2552 juxti
893 2493 956 2556 gra·
1015 2533 1016 2558 ¹

288 2555 359 2613 tiam
375 2572 423 2613 aut
439 2552 524 2614 fastus
545 2555 697 2633 janitorum
715 2555 956 2634 perpetiebanttu:

289 2634 380 2694 donec
400 2635 485 2716 idque
505 2637 626 2706 vitium,
651 2645 828 2695 &revenere
854 2638 884 2695 in
912 2657 956 2694 ur-

289 2717 357 2774 bem
374 2715 489 2797 trepidi,
505 2739 577 2798 quos
590 2739 649 2776 non
666 2735 812 2787 sermone,
827 2739 888 2776 non
902 2719 957 2776 visu
1013 2715 1014 2770 l

277 2797 419 2881 diguatus
427 2817 485 2860 erat
497 2822 504 2861 t
516 2798 633 2887 quidem
643 2797 718 2860 male
728 2799 849 2876 alacres,
862 2800 958 2882 quibus
1012 2835 1013 2874 r
