2075 3659
271 332 314 397 82
396 326 432 395 C.
463 327 609 395 Coun.
642 324 827 392 TAcrrr

267 468 395 531 pugnam
420 466 615 515 consererent,
639 465 674 504 ne
692 445 808 503 flumine
830 442 955 525 quidem

267 532 414 608 interje&o
433 527 662 587 cohibebantur:
680 528 710 585 ni
732 526 883 585 Stertinius
905 525 955 584 ad·

268 632 400 679 currem,
428 612 542 690 plenum
568 612 613 668 irae
642 628 769 683 armaque
795 604 822 665 ὁ·
855 628 954 682 equum

269 712 431 774 poscentem
454 692 584 750 Flavium
603 691 760 748 attinuisset
781 710 788 743 :
809 688 953 747 cemeba·

270 794 316 833 tur
335 771 433 833 contri
454 770 667 831 minitabundus
686 770 847 838 Arininius,
870 789 955 848 proe-

268 855 396 935 liumque
410 854 581 913 denuntians
594 876 602 909 t
620 872 687 911 narn
700 851 831 931 pleraque
844 851 956 910 Latino

270 956 399 996 sermone
419 935 631 1015 interjaciebat,
653 934 750 1013 utqui
767 932 909 991 Romanis
923 934 956 992 in

270 1016 365 1076 castris
381 1016 479 1075 duuor
497 1016 674 1095 popularium
689 1014 842 1072 meruisset.

313 1098 365 1157 XI.
378 1096 492 1156 Postero
506 1098 552 1155 die
565 1097 774 1157 Germanorum
787 1096 860 1155 acies
877 1114 958 1155 trans.

271 1178 420 1261 Visurgim
433 1176 517 1238 stetit.
537 1177 646 1247 Caesar,
661 1178 715 1236 nisi
728 1176 862 1256 pontibus
878 1195 953 1255 prae-

268 1260 404 1341 sidiisque
424 1262 583 1339 impositis,
603 1258 668 1317 dare
688 1260 718 1317 in
736 1256 887 1316 discrimen
908 1258 954 1316 le-

271 1343 371 1424 giones
388 1338 464 1400 haud
485 1342 697 1421 imperatorium
715 1359 805 1410 ratus,
827 1340 956 1421 equitem

271 1423 347 1482 vado
371 1424 505 1482 tramittit
528 1446 534 1479 ε
557 1420 687 1503 praefuere
708 1421 873 1490 Stertinius,
895 1430 957 1480 &e

270 1524 389 1564 numero
407 1504 621 1584 primipilarium
644 1502 798 1573 AEmilius,
818 1500 954 1561 distanti-

187 1650 189 1655 ,
272 1585 325 1645 bus
347 1587 417 1646 locis
437 1588 558 1657 investi,
579 1606 610 1644 ut
633 1582 741 1642 hostem
763 1583 955 1643 diducerent:

272 1664 329 1747 qui
358 1668 516 1727 celerrimus
545 1668 663 1737 amnis,
691 1665 865 1726 Carioralda
899 1666 956 1725 dux

270 1747 444 1807 Batavorum
465 1751 555 1829 erupit
577 1773 585 1805 t
606 1764 671 1806 eum
695 1743 834 1807 Cherusci
854 1747 956 1830 fugam

272 1830 436 1890 simulantes
460 1832 490 1889 in
517 1832 665 1911 planitiem
687 1829 803 1889 saltibus
829 1831 954 1887 circum-

272 1914 377 1990 jeetarn
399 1931 529 1982 traxere3
549 1911 613 1970 dein
641 1913 757 1981 coorti,
783 1920 810 1970 δι
831 1911 957 1992 undique

274 1989 356 2053 effusi
380 1994 495 2053 trudunt
522 1993 669 2062 adversos,
695 1990 799 2052 instant
824 1994 955 2052 cedenti-

274 2074 346 2147 bus,
374 2076 563 2157 colletiosque
587 2077 618 2133 in
645 2074 768 2145 orbern,
793 2095 856 2154 pars
882 2096 955 2134 con-

275 2159 379 2238 gressi,
418 2156 514 2215 uidam
531 2159 639 2215 eminus
659 2157 833 2236 proturbant.
855 2156 959 2217 Cario·
1031 2154 1032 2171 ¹

198 2309 201 2314 ¹
274 2238 376 2307 ealda,
392 2180 440 2297 liu
453 2236 605 2297 sustentati
619 2236 742 2296 hostium
754 2238 876 2309 serini,
891 2236 958 2297 hor·

275 2337 349 2378 tatus
375 2339 439 2379 suos
461 2338 492 2378 ut
523 2322 684 2402 ingruentes
709 2338 832 2378 catervas
867 2320 958 2403 globo

275 2398 458 2483 frangerent,
480 2420 564 2481 atque
583 2402 684 2480 ipsein
709 2398 891 2460 densissimos
914 2404 961 2461 in-

186 2486 202 2494 “
270 2498 426 2561 rumpens,
441 2480 580 2565 congestis
600 2483 702 2541 telis&
721 2479 840 2541 suffosso
860 2504 936 2564 equo
947 2529 959 2551 ,

273 2565 402 2633 labitur,
420 2584 453 2623 ac
472 2565 556 2623 multi
576 2565 715 2623 nobilium
735 2562 827 2621 circi:
851 2584 959 2623 ceteros
1031 2598 1032 2603 =

275 2648 318 2706 vis
332 2666 399 2716 sua,
414 2663 462 2705 aut
474 2648 580 2726 equites
594 2668 659 2705 turn
671 2646 805 2705 Stertinio
820 2644 962 2705 AEmilio-

202 2790 206 2795 ,
278 2748 332 2810 que
346 2728 558 2797 subvenientes,
572 2728 694 2807 periculo
706 2747 841 2786 exemere.

318 2808 385 2871 XII.
393 2809 488 2872 Cesar
500 2829 680 2893 transgressus
689 2810 837 2893 Visurgim
849 2808 962 2870 indicio
1031 2790 1032 2799 ἵ
