2075 3659
270 284 340 365 146
416 278 453 347 C.
483 275 624 347 Corn.
657 278 843 347 Tacrur

267 397 342 458 faces
370 420 377 455 z
408 398 466 457 illic
494 396 576 457 miles
591 417 669 457 ¹cum
697 398 803 467 armis,
829 398 892 457 sine
911 398 959 457 in<
1028 401 1031 438 ἵ

266 478 395 561 signibus
415 476 613 560 magistratus,
636 478 754 557 populus
774 498 823 556 pet
844 478 959 550 tribus,

265 560 418 619 concidisse
436 559 552 633 rempub.
573 559 649 618 nilril
664 559 725 631 spei
743 560 879 635 reliquum
895 562 959 619 cla-

266 639 410 702 mitabant
422 661 432 709 5
458 637 614 719 promptitis
643 640 843 722 apertiusque,
867 640 959 721 quim

266 741 300 781 ut
318 722 478 781 meminisse
495 721 720 799 imperitantium
743 721 881 781 crederes.
899 722 960 783 Ni·

266 799 312 861 hil
339 822 436 873 tamen
462 801 613 862 Tiberium
644 803 736 885 magis
768 805 959 882 penetravit,

268 881 356 965 quim
374 881 463 943 studia
482 880 635 943 hominum
653 902 780 955 accensa,
793 885 824 941 in
846 884 959 967 Agrip-

264 967 385 1045 pinam3
403 985 492 1045 quum
505 967 583 1023 dcem
591 966 711 1039 patrio,
726 964 817 1023 solum
837 963 960 1046 Augrqli

268 1046 453 1123 sanguinem,
475 1046 584 1105 unicum
611 1046 790 1123 antiquitatis
815 1047 959 1119 specimen

266 1125 466 1205 appellarent,
484 1127 611 1207 versique
630 1126 668 1187 ad
686 1126 790 1185 coelum
810 1148 845 1185 ac
864 1126 958 1197 deos,

269 1207 406 1285 integram
427 1207 476 1267 illi
492 1206 633 1277 subolem,
653 1230 685 1267 ac
702 1208 873 1288 superstitem
893 1209 957 1267 ini·

268 1309 382 1366 quorum
399 1307 580 1363 precarentur.

312 1370 352 1429 V.
375 1369 483 1441 Fuere,
505 1370 559 1450 qui¹
570 1368 677 1443 publici
692 1368 808 1447 funeris
824 1390 958 1444 pompant
1036 1372 1037 1383 ¹

271 1451 462 1532 requirerent,
475 1470 724 1531 compararentque
744 1472 801 1527 quse
824 1452 856 1509 in
874 1451 957 1511 Dra-

269 1555 353 1603 sum,
368 1551 476 1606 patrem
493 1532 670 1601 Gennanici,
686 1530 790 1591 honora
805 1528 833 1591 ἃ
847 1533 958 1611 mgni·

266 1615 325 1693 fica
345 1612 480 1694 Augustus
495 1612 611 1692 ficisset
630 1636 641 1671 .·
661 1613 750 1687 ipsum
767 1614 884 1689 quippe,
909 1637 958 1673 ns-

269 1695 391 1768 pem'mo
404 1693 520 1762 hiemis,
539 1694 666 1753 Ticinum
675 1715 756 1770 usque
761 1716 955 1773 progressura,

273 1796 356 1851 neque
375 1774 557 1834 abscedentem
579 1797 597 1834 a
619 1796 746 1848 corpore,
764 1775 858 1833 siml
868 1776 957 1835 urbem

273 1854 427 1914 intrauisse
437 1880 448 1913 .·
457 1856 635 1933 circumfiesas
644 1857 709 1915 leno
725 1856 903 1917 Claudiorum
911 1858 957 1917 Li·

274 1937 432 2013 viarumque
446 1938 582 2014 imagines
595 1961 604 1995 :
616 1938 740 2016 defletum
754 1938 784 1995 in
795 1938 865 2013 foro
875 1984 888 2007 ,
902 1940 958 1997 lau·
1036 1945 1037 1967 ³

276 2020 371 2080 &tunt
385 2039 437 2091 pro
455 2018 567 2099 rostris:
586 2022 679 2077 cunila
700 2041 718 2076 a
741 2018 896 2098 majoribus
914 2042 956 2079 re-

271 2117 371 2175 perta,
382 2117 431 2157 out
442 2098 602 2180 praeposteri
614 2100 790 2169 inuenerint,
803 2101 954 2159 cumulata.

276 2179 321 2240 At
332 2181 540 2241 Germanisque
553 2180 651 2239 solitos
667 2179 790 2257 quidem,
802 2177 958 2242 &cuicum-
1035 2197 1036 2205 ¹

272 2282 327 2336 ,que
337 2260 425 2319 nobili
434 2261 538 2321 debitos
552 2259 684 2329 honores,
704 2262 878 2339 contigisse:
892 2261 958 2323 sani

279 2361 391 2414 corpus,
402 2340 434 2399 ob
445 2342 669 2420 longinquitatem
681 2341 826 2411 itinerum,
837 2344 959 2403 extemis
995 2345 999 2356 ’

279 2422 362 2481 terris
385 2442 485 2497 quoquo
508 2424 586 2481 modo
608 2442 753 2483 crematum
775 2447 786 2481 .·
807 2427 859 2483 sed
880 2424 959 2485 emti

249 2509 255 2519 '
276 2513 359 2579 plura
372 2504 468 2561 decora
486 2525 551 2563 ntox
569 2504 654 2563 tribui
665 2526 721 2578 par
729 2504 839 2582 fuisse,
849 2506 959 2581 ,quanti

271 2585 370 2661 «prima
382 2582 445 2660 fiirs
465 2585 650 2663 negavisset:
670 2608 725 2645 non
738 2586 878 2663 fratrem,
900 2586 960 2646 nisi
1033 2648 1034 2671 ἢ

281 2669 362 2727 unius
375 2665 433 2725 diei
444 2668 514 2736 νίἅ,
526 2688 580 2725 non
585 2684 713 2741 patruum
722 2668 820 2726 saltem
827 2684 913 2739 poma
921 2684 959 2725 te·
1033 2672 1034 2689 ³

280 2770 332 2809 nus
351 2746 462 2810 obvium
483 2746 559 2808 :ubi
582 2748 635 2807 illo
659 2766 779 2811 veterum
803 2748 957 2829 instituta?
