2075 3659
180 293 541 391 Anunrrttn'lrn.
567 318 636 391 IV.
689 340 754 389 221

78 441 207 502 meandi
215 440 331 517 ficisset.
350 438 462 499 Destnii
480 462 528 521 per
540 438 599 501 hec
615 439 763 501 fortunam

79 542 164 581 susm
185 521 300 591 Caesar,
334 522 527 602 imparemque
553 542 635 583 canto
655 524 761 582 merito

80 602 205 662 rebatur.
216 602 295 661 Nam
304 600 441 663 beneficia
453 600 488 661 eb
500 619 587 684 usque
597 604 660 663 laeta
672 618 737 663 sunt
747 642 759 672 ,

81 683 154 743 dum
172 682 302 743 videntur
318 683 426 743 exsolvi
445 704 525 763 posse
545 684 616 743 :ubi
636 685 762 745 multum

79 765 270 835 antevenere,
288 784 339 844 pro
363 767 453 847 gratia
474 765 574 824 odium
595 765 729 826 redditur.

123 844 207 905 XIX.
224 846 293 905 Erat
310 866 379 904 uxor
396 846 467 906 Silio
485 847 566 906 Sosia
582 846 688 916 Galia,
708 868 759 906 ca-

79 928 167 987 ritate
186 926 348 1008 Agrippinae
364 928 454 987 invisa
469 926 597 1008 principi.
613 927 678 989 Hos
698 939 761 987 cor-

80 1009 155 1087 ripi,
173 1006 263 1067 dilato
282 1006 319 1067 ad
335 1028 443 1087 tempus
458 1007 583 1079 Sabino,
602 1009 760 1088 placitum:

81 1089 282 1169 immissusque
306 1090 399 1147 Varro
421 1090 537 1160 consui,
561 1092 613 1170 qui
628 1109 761 1164 patemus

81 1171 253 1231 inimicitias
276 1170 461 1239 obtendens,
489 1170 564 1230 odiis
590 1170 686 1250 Sejani
713 1192 762 1251 per

82 1250 204 1311 dedecus
222 1272 302 1311 suum
320 1250 539 1335 gratificabatur.
558 1252 692 1312 Precante
713 1274 763 1313 reo

83 1333 200 1395 breuem
218 1354 341 1404 moram,
371 1336 435 1391 dum
456 1350 598 1393 accusator
619 1335 762 1392 consulatu

83 1415 190 1485 abiret,
204 1413 363 1475 adversatus
372 1412 409 1473 est
418 1414 513 1475 Cesar
526 1415 657 1473 :solitum
667 1408 765 1490 quippe

83 1495 286 1577 magistratibus
305 1498 377 1555 diem
389 1496 514 1569 priuatis
527 1496 614 1555 dicere
629 1520 639 1554 .·
656 1514 703 1553 nec
722 1496 765 1553 in·

76 1578 257 1656 fringendum
276 1578 397 1635 consulis
409 1578 479 1657 jus,
500 1577 577 1656 cujus
591 1574 704 1655 vigiliis
722 1578 764 1635 tti-

84 1676 207 1729 teretur,
225 1661 344 1735 nequod
360 1658 463 1731 respub.
481 1658 670 1717 detrimentum
688 1680 765 1731 capc-

86 1758 135 1799 ret.
156 1740 304 1818 Proprium
320 1738 351 1797 id
367 1737 485 1799 Tiberio
503 1737 575 1809 fuit,
592 1741 693 1798 scelera
710 1760 765 1798 nu-

86 1840 136 1901 per
159 1836 267 1901 reperta
287 1822 381 1900 priscis
401 1820 494 1881 verbis
513 1819 655 1903 obtegere.
673 1819 766 1902 Igitur

85 1902 179 1963 multa
205 1902 443 1973 adseveratione,
474 1904 556 1982 quasi
583 1921 633 1962 aut
655 1900 766 1983 legibus

86 2004 153 2043 cum
182 1984 253 2043 Silio
277 2000 426 2066 ageretur,
452 2002 503 2041 aut
525 1982 619 2040 Varro
642 1982 766 2051 consul,

86 2084 137 2125 aut
154 2064 225 2124 illud
245 2064 354 2143 respub.
382 2082 452 2123 esset
462 2102 473 2131 ,
494 2081 635 2144 coguntur
656 2080 766 2140 paues3

86 2146 190 2221 silente
204 2166 270 2216 reo,
279 2142 350 2213 ¹vei,
369 2146 392 2203 si
404 2143 600 2203 defensionem
611 2162 766 2221 coeptauet,

86 2248 148 2287 non
159 2227 336 2295 occultante,
350 2230 425 2305 cujus
434 2224 475 2284 ire
486 2244 662 2304 premeretur.
680 2228 767 2285 Cous·

86 2310 193 2367 cientid
221 2308 286 2368 belli
313 2306 447 2368 Sacrouir
468 2308 516 2367 diu
542 2308 766 2377 dissimulatus,

87 2390 209 2451 uitioria
231 2412 283 2463 per
310 2390 462 2449 avaritiam
483 2390 623 2467 foedata,
647 2385 675 2448 b
698 2409 770 2448 uxor

87 2470 386 2553 Sosiaarguebantur:
398 2490 450 2529 nec
459 2470 545 2529 dubie
551 2469 768 2549 repetundarum

89 2552 257 2611 criminibus
283 2549 426 2612 horrebant
452 2574 459 2607 ε
487 2551 536 2611 sed
560 2553 660 2609 cunda
683 2570 770 2631 quaes-

90 2636 171 2694 tione
199 2631 350 2713 majestatis
380 2634 520 2704 exercita,
546 2639 575 2690 &
598 2631 681 2690 Silius
707 2633 767 2688 im·
804 2675 806 2680 .

90 2716 251 2775 minentem
280 2714 494 2779 damnationem
521 2712 682 2775 voluntario
713 2710 770 2771 fine

91 2800 239 2877 prevenit.

586 2873 661 2956 Kiij
753 2904 757 2912 ·
