2075 3659
189 313 444 387 ’ΛΝΝΑιῙυΜ
468 322 553 388 Lm.
579 319 648 389 IV.
703 342 768 409 223

89 460 184 507 sone,
202 440 295 499 nobili
311 462 343 500 ac
360 440 450 499 feroci
463 442 534 501 vito.
551 439 579 500 Is
592 460 731 520 namque,
743 461 775 502 ut

90 521 197 590 retuli,
212 544 348 581 cessurum
359 546 389 582 se
406 520 468 581 urbe
477 522 509 580 ob
515 524 654 599 falliones
665 544 774 581 accusa·

89 622 203 671 torum,
224 605 257 662 in
275 624 373 664 senatu
388 605 582 664 clamitaverat
602 626 609 659 ι
631 611 659 663 &
683 602 775 683 spreti

94 681 226 763 potentii
246 682 398 767 Augusta,
421 683 530 745 trahere
553 687 584 744 in
608 690 652 764 jus
677 686 776 767 Urgu-

90 766 229 833 laniam,
259 766 403 847 domoque
425 769 556 847 principis
581 768 671 825 excire
694 786 776 828 ausus

92 866 163 907 erat.
188 847 259 924 Qua
286 850 316 906 in
344 869 460 928 praesens
490 848 624 907 Tiberius
655 847 777 909 civiliter

90 924 226 989 habuit:
253 928 302 989 sed
329 930 359 988 in
385 932 483 990 animo
508 929 670 990 revolvente
701 930 776 1001 iras,

93 1012 185 1069 etiam
215 1011 238 1069 si
263 1012 384 1089 impetus
415 1008 581 1071 offensionis
608 1011 656 1070 lan
697 1030 776 1083 erat,

93 1092 236 1151 memoria
261 1092 383 1152 valebat.
415 1092 548 1151 Pisonem
581 1090 621 1169 Q.
651 1030 775 1153 gianius

93 1174 195 1231 secreti
212 1174 347 1233 sermonis
369 1175 530 1244 incusavit,
549 1172 696 1233 adversum
715 1194 776 1234 ma·

92 1252 223 1334 jestatem
245 1251 338 1313 habiti
359 1254 545 1335 :adjecitque
568 1254 600 1311 in
615 1256 695 1313 domo
717 1257 776 1335 ejus

93 1356 228 1395 venenum
246 1358 304 1395 esse
316 1382 327 1404 ,
344 1358 453 1413 eumque
465 1338 560 1415 gladio
572 1338 719 1395 accindum
730 1338 776 1395 in·

92 1418 180 1475 troire
202 1418 305 1476 curiam
331 1441 341 1475 .·
367 1416 464 1498 quod,
486 1438 517 1477 ut
538 1419 662 1477 atrocius
686 1436 775 1487 vero,

93 1500 256 1557 tramissum
276 1521 282 1555 :
298 1507 475 1569 ceterorum,
495 1520 557 1579 quae
572 1498 663 1558 multa
681 1517 777 1557 cumu-

93 1579 247 1650 labantur,
272 1600 397 1659 teceptus
422 1578 461 1639 est
483 1601 567 1651 reus3
591 1600 682 1639 neue
709 1599 775 1658 per·

93 1664 194 1730 aetus,
219 1660 259 1719 ob
278 1680 400 1719 mortem
422 1680 622 1743 opportunam.
670 1660 777 1721 elatum

94 1742 175 1803 &de
201 1741 302 1802 Cassio
326 1742 427 1801 Severo
449 1742 564 1812 exsule,
587 1743 636 1823 qui
657 1742 776 1803 sordidae

94 1823 236 1907 originis,
259 1822 392 1884 malefica:
410 1826 495 1895 vita,
514 1824 562 1885 sed
582 1824 684 1885 orandi
702 1827 777 1885 vali·

94 1905 166 1975 dus,
190 1925 237 1985 pet
256 1906 424 1965 immodicas
445 1906 632 1977 inimicitias,
653 1926 685 1967 ut
706 1906 779 1985 judi-

96 1989 143 2045 cio
177 1989 262 2067 jurati
291 1987 402 2047 senatis
431 1987 550 2047 Cretam
579 2008 776 2063 amoveretur,

96 2064 230 2129 effecerat
255 2092 261 2124 ε
289 2089 373 2149 atque
401 2068 458 2127 illic
485 2069 584 2127 eadem
609 2069 777 2141 actitando,

96 2152 220 2209 recentia
247 2170 396 2230 veteraque
419 2148 486 2208 odia
510 2150 631 2210 advertit
643 2173 653 2220 3
681 2151 780 2211 bonis-

98 2254 153 2312 que
175 2250 304 2300 ersutus,
326 2230 474 2291 interdisto
491 2232 553 2316 igni
575 2252 660 2313 atque
681 2232 778 2315 aqui,

98 2336 168 2373 saxo
188 2308 320 2393 Seriphio
343 2314 496 2373 consenuit.
617 2372 621 2379 ,

138 2394 236 2454 XXII.
254 2394 306 2453 Per
325 2381 400 2454 idem
419 2415 528 2477 ternpus
544 2396 670 2457 Plautius
685 2398 779 2458 Silva-

97 2498 150 2536 nus
183 2496 312 2555 prator,
341 2478 452 2537 incertis
479 2480 588 2547 causis,
619 2480 779 2558 Aproniam

93 2562 253 2639 ¹conjugem
271 2558 302 2616 in
322 2578 439 2637 praeceps
457 2560 542 2636 jecit3
567 2562 723 2640 tratiusque
742 2559 779 2619 ad

101 2638 244 2699 Caesarem
264 2640 300 2696 ab
317 2639 350 2697 L.
373 2640 501 2718 Apronio
525 2660 644 2718 socero,
664 2640 778 2700 turbata

100 2740 198 2779 mente
229 2720 391 2801 respondit,
418 2738 564 2801 tamquam
593 2721 652 2793 ipse
683 2742 779 2779 somno

99 2800 222 2882 gravis,
245 2822 321 2880 arque
343 2800 374 2862 eci
394 2802 525 2881 ignarus,
551 2798 666 2863 &uxor
685 2821 779 2878 sponte

601 2882 677 2945 Kiv
