2075 3659
235 324 484 397 Auquruu
507 330 592 399 [ru.
619 330 670 399 ΙΙ.
745 334 790 419 87

115 466 278 519 tenuerant,
297 452 326 508 in
349 468 466 528 aperta,
486 452 536 529 qui
557 452 664 529 campis
681 448 793 512 adstite-

113 550 199 601 rant,
217 533 246 589 in
264 530 365 589 silvam
383 532 502 589 ruebant
521 555 528 587 ι
548 532 635 590 medii
653 534 725 593 inter
739 530 791 593 hos

113 610 253 705 Cherusci
280 612 399 670 collibus
432 612 651 675 detrudebantur
679 638 688 671 .·
720 614 794 673 inter

113 714 187 773 quos
204 694 323 832 fflffss
341 694 487 752 Arminius
501 714 604 764 manu,
619 716 705 765 voce,
723 697 792 755 vul-

113 794 200 844 nere,
217 796 230 832 s
289 775 391 833 ntabat
407 794 555 857 pugnam:
550 776 795 857 .incubueratque

112 857 284 937 sagittariis,
297 854 347 913 illa
357 875 500 934 rupturus
514 878 545 914 nr
537 856 701 916 Raetorum
715 858 795 916 Vin-

113 935 348 1016 delicorumque,
372 945 399 995 δι
421 937 538 996 Gallicae
559 935 732 998 cohortes
694 960 793 1079 signa

114 1018 311 1097 objecissent:
330 1019 392 1076 nisu
410 1037 505 1078 tamen
528 1022 721 1099 corporis,&
735 1004 794 1078 im·

113 1120 185 1181 petu
214 1100 281 1179 equi
304 1100 442 1177 pervasit,
475 1101 580 1159 oblitus
607 1100 709 1160 faciem
742 1122 794 1160 suo

113 1201 214 1239 cruore
223 1225 233 1251 ‚
251 1201 287 1237 ue
301 1200 457 1239 nosceretur
477 1204 484 1236 z
503 1182 620 1262 quidam
636 1184 759 1261 agnitum
774 1204 795 1243 a

115 1262 237 1321 Chaucis
257 1262 331 1320 inter
350 1262 460 1320 auxilia
481 1262 607 1320 Romano
629 1264 769 1342 agentibus
781 1310 795 1335 ,

113 1345 296 1419 emissumque
322 1342 502 1402 tradideumt.
529 1344 627 1403 Virtus
651 1366 699 1403 seu
720 1342 795 1405 fraus

113 1424 218 1483 eadem
236 1424 418 1505 Inguiomero
431 1420 568 1506 effirgium
584 1424 687 1484 dedit:
710 1428 795 1484 ceteri

111 1508 255 1587 passim
251 1474 418 1565 trucidatis
449 1513 477 1564 δι
508 1506 653 1586 plerosque
685 1524 797 1565 tranare

113 1579 267 1670 Visurgim
287 1606 439 1657 conantes,
458 1588 560 1663 injecta
589 1588 659 1657 tela,
682 1606 730 1647 aut
753 1588 795 1648 vis

115 1653 265 1738 fluminis,
291 1664 434 1764 postremo
459 1668 550 1726 moles
577 1669 737 1739 mentium,
767 1678 796 1729 dc

114 1750 274 1810 incidentes
293 1752 380 1830 ripae,
403 1767 564 1829 optulere·
565 1750 702 1844 'quidam
722 1751 796 1831 turpi

116 1830 213 1916 fuga
203 1852 235 1890 ιιι
245 1852 355 1891 summa
369 1830 501 1889 arborum
518 1832 591 1900 nisi,
595 1833 751 1925 ramisque
767 1851 795 1890 se

109 1914 311 1983 occultantes,
332 1911 455 1971 admotis
474 1914 626 1994 sagittariis
645 1932 693 1991 pet
714 1912 793 1970 ludi-

117 1996 213 2055 brium
238 1992 421 2076 figebantur:
442 1994 519 2051 alios
543 2012 661 2071 prorutae
684 1991 796 2055 arbores

116 2076 260 2136 adflixere
268 2076 380 2159 Magna
392 2074 552 2133 eanuona
560 2092 671 2153 ,neque
683 2092 797 2135 cruenta

115 2158 204 2218 nobis
221 2157 283 2217 fiut

160 2239 274 2299 XVlll.
289 2238 400 2315 Quinta
418 2236 455 2294 ab
474 2233 544 2296 hora
558 2233 613 2294 diei
630 2233 666 2295 ad
682 2238 797 2296 nodlem

117 2341 184 2381 eaest
175 2318 304 2390 hostes,
319 2318 416 2378 decem
433 2318 523 2379 millia
537 2338 666 2398 passuum
681 2318 797 2378 cadave-

118 2404 198 2463 ribus
219 2422 305 2483 atque
326 2403 409 2460 armis
427 2401 594 2493 opplevere,
617 2402 730 2479 repertis
751 2400 796 2458 in-

117 2504 164 2546 ter
179 2485 270 2565 spolia
289 2503 386 2541 eorum
405 2483 529 2549 catenis,
549 2502 617 2561 quas
636 2482 666 2539 in
687 2480 797 2538 Roma-

117 2588 194 2637 nos,
220 2585 330 2625 utnon
353 2564 441 2622 dubio
466 2582 588 2631 eventu,
608 2580 795 2656 portaverant.

116 2648 235 2709 Miles
228 2666 258 2705 ιιι
271 2647 336 2704 loco
350 2645 440 2723 proelii
449 2606 623 2701 Tiberium
610 2660 751 2715 emperato
752 2664 798 2701 um

118 2730 275 2797 salutavit,
297 2724 448 2818 struxitque
468 2744 618 2807 aggerem,
640 2724 694 2781 &
688 2743 716 2779 ιιι
737 2742 799 2781 mo-

118 2811 193 2871 dum
214 2827 382 2888 tropaeorum
407 2826 506 2875 arma,
526 2805 685 2897 subscriptis
701 2805 798 2864 vidia

120 2912 188 2953 rum
209 2892 336 2974 gentium
352 2851 559 2960 nominibds,
552 2886 697 3019 imposuit
