2075 3659
223 306 266 364 62
346 297 383 366 C.
412 298 550 379 Corn
581 300 769 367 Tacrrr

222 418 360 497 inopina,
385 416 467 478 tantb
488 422 597 497 majora
621 414 831 491 offunduntur3
850 436 908 481 ωε

223 499 404 581 debentque,
428 519 460 560 ut
478 501 559 559 r‘ebus
586 500 714 560 secundis
735 500 838 571 avidi,
862 504 907 563 ita

222 580 343 641 adversis
365 583 489 641 incauti.
519 582 664 640 Arminius
697 583 826 664 integer,
853 583 908 643 In-

223 663 383 743 guiomerus
414 661 475 742 post
508 684 593 746 grave
624 663 746 747 vulnus,
774 684 906 743 puonam

223 743 383 803 deseruere:
406 746 507 827 vulgus
532 745 702 804 trucidatum
728 743 788 816 est,
810 714 907 805 iones

223 825 308 884 ira&
330 826 388 883 dies
413 828 577 906 permansit.
601 828 696 885 Nocte
716 826 835 887 demum
847 848 905 887 re-

222 927 306 965 versae
325 908 473 988 legiones,
497 910 628 988 quamvis
651 908 712 988 plus
731 909 906 982 vulnerum,

224 989 323 1046 eadem
350 989 477 1047 cibomm
503 987 609 1071 egestas
634 990 767 1073 fatigaret
786 1036 795 1061 ,
814 993 906 1063 vim,

224 1070 395 1139 sanitatem,
411 1073 525 1151 copias,
545 1075 645 1131 cunita
661 1074 691 1130 in
708 1072 829 1131 victoria
852 1070 909 1133 ha-

224 1149 315 1209 buere.

264 1232 370 1291 LXIX.
398 1232 559 1293 Pervaserat
585 1236 698 1294 interim
724 1236 910 1295 circumventi

223 1314 357 1373 exercitiis
371 1312 470 1387 fama,
489 1324 516 1374 &
530 1316 623 1396 infesto
639 1317 840 1375 Germanorum
856 1341 910 1397 ag-

224 1396 298 1455 mine
318 1396 432 1455 Gallias
445 1392 530 1473 p'eri:
547 1417 580 1455 ac
593 1399 624 1457 ni
640 1398 799 1479 Agrippina
815 1400 911 1478 impo-

223 1477 309 1538 situm
335 1475 438 1537 Rheno
462 1498 580 1559 pontem
601 1479 672 1537 solvi
695 1477 907 1558 prohibuisset,

224 1579 304 1619 erant
317 1562 367 1639 qui
380 1560 409 1618 id
424 1562 564 1643 flagitium
579 1559 731 1619 formidine
745 1561 883 1623 auderent
898 1586 906 1620 ε

224 1640 271 1698 sed
289 1640 396 1700 femina
412 1644 512 1721 ingens
526 1644 632 1712 animi,
651 1643 748 1701 munia
762 1642 842 1701 ducis
858 1664 909 1725 per

224 1742 272 1781 eos
294 1722 352 1780 dies
372 1723 485 1794 induit,
505 1725 718 1805 militibusque,
733 1744 765 1784 ut
778 1727 842 1806 quis
863 1728 908 1785 in-

224 1824 292 1882 ops,
316 1824 365 1863 aut
386 1808 511 1883 saueius,
535 1803 638 1864 vestem
658 1816 686 1865 &
707 1804 837 1867 fomenta
863 1807 909 1866 di-

224 1884 326 1967 largita
346 1883 393 1944 est.
416 1885 518 1946 Tradit
537 1887 574 1947 C.
592 1888 698 1946 Plinius
717 1886 908 1947 Germanico-

225 1986 287 2025 rum
305 1967 442 2026 bellorum
459 1970 591 2046 scriptor,
608 1967 713 2028 stetisse
730 1970 805 2049 apud
826 1973 908 2049 prin-

226 2049 330 2127 cipium
357 2051 475 2127 pontis,
499 2051 594 2109 laudes
620 2059 647 2109 &
674 2070 765 2133 grates
790 2055 907 2113 reversis

225 2129 385 2212 legionibus
404 2130 565 2192 habentem.
584 2130 616 2190 ld
639 2128 749 2191 Tiberii
773 2136 905 2193 animum

225 2211 307 2272 sititis
326 2216 482 2293 penetravit
505 2215 676 2273 :nonenim
697 2216 839 2287 simplices
858 2239 908 2275 eas

225 2315 321 2363 curas,
334 2318 380 2352 nec
390 2300 521 2353 adversus
534 2312 659 2354 extentos
670 2298 788 2355 militem
800 2299 906 2374 quari.-

226 2374 303 2433 nihil
311 2378 431 2435 relidam
441 2376 664 2451 imperatoribus,
673 2378 833 2455 nbifemina
843 2400 906 2437 nra-

226 2456 335 2531 nipnlos
349 2459 512 2528 interviret,
526 2459 607 2537 signa
618 2462 715 2529 adeat,
727 2460 906 2538 largitionem

143 2558 147 2565 ’
192 2609 194 2614 Ι
227 2555 331 2610 tentet,
357 2559 492 2617 tamqnam
514 2562 613 2615 parum
641 2540 786 2599 ambitiosi
807 2544 906 2619 filium

227 2620 304 2681 ducis
319 2625 424 2702 gregali
437 2622 532 2683 habitu
546 2623 732 2700 circumferat,
750 2622 909 2681 Caesarem-

228 2722 283 2781 que
310 2704 475 2788 Caligulam
498 2706 632 2778 appellari
657 2705 735 2763 velit.
762 2704 907 2763 Potiorem

220 2783 285 2861 jam
321 2792 394 2862 apud
421 2788 553 2848 exercitat
580 2786 788 2866 Agrippinam,
823 2784 907 2865 quim
