2075 3659
283 288 353 371 ’148
408 286 445 353 C.
474 277 618 356 Coum.
650 275 844 357 TActit

281 405 457 481 probationes
487 405 662 467 subverteret.
700 408 779 467 Nam
814 408 976 489 vulgatum

285 507 347 547 etat
373 488 512 556 missam,
536 509 567 547 ut
585 488 664 559 elixi,
688 510 706 545 a
729 493 776 547 Cn.
797 488 906 547 Sentio
923 492 975 567 fit·

285 590 390 627 mosam
407 569 549 646 veneficiis
566 568 746 640 Martinam,
764 570 861 628 subita
887 590 976 628 morte

285 650 434 709 Brundisii
446 650 614 721 extimam,
628 644 809 729 veninumque
829 654 909 709 noa'o
923 652 975 709 cri-

286 732 364 789 nium
381 732 439 810 ejus
457 732 640 800 occultatam,
663 752 710 789 nec
729 732 786 791 ulla
805 731 836 788 in
861 754 976 807 corpore

287 813 369 892 signa
388 812 491 885 sumpti
510 812 595 871 exitii
612 829 724 884 reperta.

329 892 414 953 VIII.
428 894 469 951 At
481 892 568 964 Piso,
582 894 722 975 praemisso
732 893 760 951 in
772 890 874 951 urbem
889 889 975 963 filio,

288 972 417 1056 datisque
449 973 613 1043 mandetis,
643 993 691 1055 pet
720 994 781 1053 quae
810 975 975 1051 prIncipem

289 1056 433 1124 molliret,
450 1054 488 1112 ad
506 1054 631 1113 Drusum
649 1055 740 1135 pergit
761 1072 873 1133 :quem
896 1051 976 1113 haud

289 1134 384 1195 fratris
420 1136 536 1196 interitu
571 1154 705 1204 trucem,
741 1131 826 1215 quim
855 1156 976 1193 remoto

290 1216 393 1276 aemulo
417 1218 570 1297 nquiorem
592 1216 647 1275 sibi
673 1216 809 1294 sperabat.
836 1214 975 1275 Tiberius

291 1294 352 1379 quo
364 1299 507 1379 integrum
520 1296 657 1376 judicium
675 1294 843 1366 ostentaret,
864 1316 974 1375 excep·
1036 1358 1037 1367 ἦ

290 1399 356 1439 tum
382 1380 501 1439 comiter
528 1383 681 1455 juvenem,
705 1376 783 1436 sueti
806 1398 874 1459 erga
898 1376 977 1447 filios
1036 1372 1037 1435 l

290 1460 468 1521 familiarum
486 1459 596 1518 nobiles
608 1457 776 1519 liberalitate
789 1478 885 1540 auget.
902 1458 977 1517 Dru-

291 1562 340 1602 sus
359 1542 474 1611 Pisoni,
494 1541 523 1599 si
541 1562 607 1600 vera
619 1540 714 1617 forent
730 1560 786 1617 qun
795 1540 976 1619 jacerentur,
1036 1540 1037 1547 ’

289 1623 454 1699 precipuum
468 1622 499 1678 in
512 1622 603 1681 dolore
615 1642 693 1680 suum
707 1620 795 1678 locam
807 1619 975 1699 respondi13
1036 1668 1037 1671 η

295 1707 347 1763 sed
369 1704 454 1761 molle
471 1702 552 1779 falsa
578 1696 604 1761 fit
630 1701 755 1769 inania,
779 1722 827 1760 nec
850 1700 977 1777 cuiquam
1036 1713 1037 1755 1

296 1801 410 1842 mortem
442 1783 603 1842 Germanici
633 1782 779 1843 exitiosam
809 1804 877 1841 esse.
907 1780 976 1840 Haec

319 1865 394 1924 alam
403 1908 413 1935 ,
432 1874 459 1925 &
476 1866 568 1923 vitato
584 1865 666 1921 omni
684 1882 788 1922 secreto
802 1885 807 1917 :
821 1882 914 1942 neque
928 1862 977 1920 du«

296 1886 463 2006 {habentur
475 1946 630 2023 ptaescripta
644 1946 670 2001 ei
684 1942 849 2013 aTibetio,
864 1964 952 2023 quum
962 1989 974 2011 ,

299 2027 448 2087 incallidus
467 2026 575 2106 alioqui
590 2034 617 2084 &
636 2024 727 2084 facilis
746 2022 880 2103 juventi,
897 2026 973 2083 seni-

302 2109 377 2171 libus
395 2130 457 2169 tum
472 2107 579 2167 artibus
596 2125 725 2166 utetetut.

344 2190 396 2249 IX.
419 2191 514 2259 Piso,
539 2186 704 2248 Dalmatico
732 2187 805 2245 mati
828 2188 976 2255 tramisso,

304 2272 460 2351 ulmisque
487 2266 561 2347 apud
586 2269 737 2327 Anconam
764 2266 907 2338 navibus,
934 2288 978 2347 pet

301 2351 462 2419 Picenum,
480 2369 512 2407 ac
532 2370 600 2408 mox
617 2350 788 2409 flaminiam
807 2349 912 2418 viam,
936 2348 981 2406 ad-

304 2433 430 2511 sequitur
441 2430 604 2512 legionem,
618 2452 679 2511 qun
693 2450 709 2488 e
727 2430 877 2498 Pannonia
888 2431 920 2488 in
932 2450 978 2487 ut-

307 2513 394 2582 bcm,
416 2511 481 2571 dein
503 2512 628 2590 praesidio
651 2511 773 2580 Africae,
794 2509 980 2569 ducebatur:

303 2614 397 2676 ¹cuque
414 2614 457 2653 res
470 2595 579 2676 agitata
590 2592 765 2661 tumoribus,
788 2608 819 2649 ut
832 2592 865 2649 in
876 2592 982 2669 agmim
1035 2642 1036 2647 ,

305 2695 386 2753 atque
395 2674 588 2734 itinerecrebrtl
597 2696 626 2732 se
635 2672 770 2732 militibus
779 2672 981 2752 ostentavisset.
1035 2674 1036 2677 ’

310 2756 358 2818 Ab
371 2757 504 2829 Narnia,
524 2754 645 2820 vitandae
658 2753 841 2837 suspicionis,
860 2774 900 2816 au
919 2754 983 2837 quie
