2075 3659
177 311 427 383 natinari
453 316 537 383 Lis.
563 314 635 383 III.
690 338 754 407 193

57 454 130 507 ret,
165 435 277 494 Tiberii
306 444 412 494 nomen
441 454 492 495 suo
526 432 757 516 possscripserat3

58 519 160 598 idque
185 518 231 575 ille
256 517 433 587 credebatur,
457 535 487 576 ut
513 515 629 576 inferius
655 523 759 594 majes-

60 620 128 659 tate
150 599 309 678 principis,
332 600 412 681 gravi
431 606 458 657 ὃ(
476 598 651 658 dissimulata
667 598 759 661 offen·

59 683 153 743 sione
175 678 324 738 abdidisse.
351 678 407 740 Sed
433 699 494 738 tum
516 682 654 754 supplicia
675 683 758 754 diis,

59 763 184 837 ludique
198 762 293 840 magni
309 760 345 819 ab
359 780 458 821 senatu
474 760 675 831 decernuntur,
691 786 759 840 quos

56 843 240 921 pontifices,
264 838 290 901 {a
313 862 447 920 augures,
472 838 499 901 ἃ
525 844 759 918 quindecimviri,

60 924 251 997 septemviris
265 920 388 983 simul&
397 924 537 981 sodalibus
545 922 758 1005 Augustalibus,

62 1008 192 1063 ederent.
217 1004 373 1065 censuerat
395 1005 427 1063 L.
448 1004 608 1084 Apronius,
626 1007 758 1084 utfecr'a-

63 1088 108 1143 les
123 1106 230 1163 quoque
240 1087 279 1145 iis
290 1087 363 1145 ludis
366 1085 552 1159 prociderent.
568 1085 758 1152 Contradixit

64 1164 170 1225 Caesar
187 1212 199 1236 ,
220 1164 350 1227 distincto
371 1166 589 1226 sacerdotiorum
615 1173 700 1247 jure,
725 1180 756 1231 Sc

64 1250 204 1326 reperiris.
219 1248 351 1329 exemplis
368 1270 374 1304 :
394 1270 475 1325 neque
492 1250 568 1307 enim
585 1271 700 1325 unquam
707 1254 757 1329 fe-

65 1329 192 1388 cialibus
204 1328 254 1388 hoc
269 1330 418 1411 majestatis
425 1328 519 1405 fiisse
531 1353 541 1386 τ
551 1330 611 1388 ideo
621 1331 757 1412 Augusta-

65 1411 108 1469 les
125 1412 269 1493 acljeiios,
285 1414 350 1487 quia
360 1412 502 1484 proprium
520 1411 578 1489 ejus
598 1414 693 1471 demtis
710 1435 757 1473 sa·

65 1494 223 1551 cerdotium
234 1511 321 1563 esser,
327 1512 379 1566 pro
389 1514 441 1569 qua
451 1493 761 1564 votapersolverenruffi

107 1574 212 1633 LXV.
227 1574 351 1654 Exsequi
366 1574 518 1633 sententias
537 1569 613 1631 haud
626 1572 761 1646 institui,

66 1656 126 1713 nisi
146 1656 288 1738 insignes,
308 1651 543 1735 perhonestum,
565 1674 614 1715 aut
629 1657 756 1718 notabili

67 1735 212 1795 dedecore
232 1736 332 1817 :quod
351 1738 517 1815 precipuum
537 1756 637 1796 munus
656 1758 756 1798 anna-

68 1818 142 1877 lium
173 1838 257 1888 reor,
283 1839 318 1877 ne
341 1819 455 1878 virtutes
479 1819 632 1888 sileantur,
663 1832 754 1901 utque

68 1902 165 1978 pravis
185 1898 268 1959 diuis
284 1900 419 1980 fastisque
436 1921 469 1958 ex
487 1899 688 1979 posteritate&
704 1902 752 1961 in-

67 1980 162 2041 famia
194 2000 285 2041 merus
312 1983 356 2041 sit.
387 1978 524 2041 Ceterum
553 1998 682 2057 tempora
700 1983 753 2045 illa
803 2022 806 2028 ·

69 2063 145 2121 adeo
160 2062 288 2131 infedla,
307 2071 334 2123 &
352 2061 515 2121 adulatione
528 2060 640 2120 sordida
655 2061 751 2135 fuere,

71 2164 103 2203 ut
127 2166 190 2205 non
213 2142 302 2203 modb
325 2146 459 2223 primores
484 2142 626 2209 civitatiS,
647 2142 752 2222 quibus

71 2225 215 2287 claritudo
237 2248 284 2285 sua
304 2224 447 2305 obsequiis
460 2246 462 2251 ·
473 2222 646 2306 protegenda
657 2236 751 2297 :erar3

69 2306 119 2367 sed
135 2328 237 2369 omnes
253 2307 425 2375 consulares,
439 2324 544 2389 magna
555 2324 617 2385 pars
627 2324 722 2365 eorum
733 2352 749 2378 ,

70 2391 121 2468 qui
146 2388 264 2470 praeturlt
287 2390 398 2457 funeri,
424 2389 562 2469 multique
583 2389 670 2446 etiarn
690 2410 746 2469 pe-

72 2470 144 2529 darii
177 2491 343 2541 senatores,
381 2472 508 2530 certatim
540 2488 717 2552 exsurgerent
735 2516 750 2541 ,

72 2550 208 2632 foedaque
235 2562 262 2611 δι
285 2552 375 2611 nimia
397 2570 548 2610 censerent.
569 2550 718 2609 Memoria
732 2594 746 2619 ,

72 2633 223 2712 proditur,
242 2632 405 2702 Tiberium,
423 2633 554 2711 quotiens
575 2628 651 2690 curii
670 2650 748 2770 efre-

70 2714 201 2793 deretur,
226 2715 330 2775 Graccis
354 2711 445 2774 verbis
467 2713 497 2771 in
526 2708 602 2773 hunc
625 2731 675 2769 mo
696 2731 747 2772 um

74 2796 122 2872 elo,
141 2798 171 2855 ui
192 2797 324 2935 solitum,
349 2799 365 2858 d
386 2794 510 2855 homines
531 2790 570 2855 cd
584 2794 747 2937 simitum

144 2899 197 2939 om.
239 2920 247 2940 .
