2075 3659
235 288 484 357 AuuArrurr
508 288 592 357 Lm.
618 289 648 357 1.
746 314 786 383 51

106 408 179 491 p'ulsi
190 455 202 478 ,
221 410 336 469 tentaris
351 406 448 468 frustra
466 408 679 469 conditionibus
694 414 790 490 pacis,

57 544 60 549 .
106 510 196 573 quum
220 490 337 571 quidem
359 490 396 549 ad
421 491 625 551 Germanicum
650 492 791 577 perfugis·

104 592 196 641 sent,
224 573 326 653 reliqui
355 575 465 633 omissis
495 574 576 656 pagis
602 575 729 655 vicisque
760 576 791 635 iu

102 656 190 715 silvas
212 654 416 737 disperguntur.
438 654 533 715 Caerar
552 657 667 714 incenso
680 658 791 716 Mattio

103 740 116 809 (
147 736 178 794 id
209 738 288 820 genti
321 756 405 815 caput
429 744 442 811 )
474 756 570 815 aperta
606 738 754 816 populatus
777 784 790 809 ,

100 820 190 878 vertit
212 818 248 876 ad
271 814 430 876 Rhenum:
450 838 509 876 non
528 840 597 878 auso
617 816 695 876 hoste
712 840 791 903 terga

101 900 273 959 abeuntium
287 900 439 968 lacessere,
454 900 535 997 ipuod
548 901 589 959 illi
600 902 705 969 moris,
721 922 793 983 quo-

102 982 180 1042 tiens
203 979 263 1039 astu
288 983 400 1064 magis,
422 1002 507 1063 quam
535 1002 584 1061 per
605 980 791 1044 formidinem

102 1065 196 1123 cessit.
212 1064 313 1121 Fuerat
325 1066 434 1122 animus
444 1062 596 1123 Cheruscis
607 1069 702 1142 juvare
714 1065 791 1126 Cat·

101 1164 171 1214 tos,
191 1145 239 1204 sed
259 1148 390 1204 exterruit
404 1144 520 1204 Caecina
542 1142 597 1203 huc
614 1146 681 1204 illuc
700 1146 792 1207 ferens

99 1248 208 1287 arma:
230 1222 257 1286 &
278 1227 390 1286 Marsos
404 1226 539 1309 congredi
555 1248 636 1285 ausos
657 1248 791 1309 prospero

100 1310 207 1389 proelio
225 1306 364 1368 cohibuit.

143 1390 243 1450 LVII.
267 1390 369 1470 Neque
393 1388 486 1450 multb
511 1386 575 1470 pbst
594 1390 718 1472 legatia
742 1391 791 1452 Se-

100 1472 183 1558 gest'e
205 1491 360 1541 venerunt,
390 1474 527 1531 auxilium
553 1492 665 1531 orantes
689 1472 790 1533 adver·

100 1578 147 1615 sus
175 1556 234 1614 vim
257 1554 452 1633 popularium,
476 1576 491 1612 a
515 1555 579 1635 quis
603 1555 790 1615 circumsede-

101 1637 207 1706 batut3
218 1634 358 1695 validiore
368 1636 442 1715 apud
454 1656 501 1696 eos
511 1636 661 1707 Arminio,
672 1638 789 1717 quando

101 1719 216 1778 bellum
244 1717 388 1777 suadebat.
421 1718 499 1776 Nam
528 1718 653 1777 barbaris
678 1719 789 1799 quantb

101 1804 170 1884 quis
185 1799 303 1859 audaci&
313 1820 476 1879 promptus,
492 1797 575 1859 tnntb
589 1802 680 1881 magis
695 1800 787 1873 fidus,

100 1885 244 1963 rebusque
259 1882 345 1940 moris
355 1884 473 2021 ,potior
487 1880 614 1940 liabetur.
629 1870 789 1946 Addiderat

100 1963 233 2049 Segestes
247 1964 347 2047 legaris
386 1965 475 2034 lium,
497 1965 615 2022 nomine
628 1963 785 2045 Segimun-

18 2108 19 2111 ,
101 2047 177 2106 dum
195 2070 202 2103 ε
216 2045 262 2105 sed
273 2046 380 2123 juvenis
392 2042 566 2105 conscientia
580 2046 763 2103 cunctabatur
777 2068 787 2105 z

101 2132 212 2210 quippe
234 2146 311 2187 anno
341 2146 399 2209 quo
431 2126 592 2186 Germaniae
622 2125 785 2200 descivere,

100 2210 236 2270 sacerdos
263 2208 336 2289 apud
364 2210 452 2266 Aram
477 2210 621 2268 Ubiorum
655 2228 783 2279 creatus,

100 2312 218 2373 ruperat
235 2292 340 2361 vittas,
366 2288 501 2373 profugus
520 2289 556 2349 ad
577 2289 699 2350 rebelles.
721 2291 785 2351 Ad-

99 2374 206 2434 durstus
220 2392 316 2433 tamen
329 2372 357 2430 in
369 2392 446 2450 spem
456 2372 610 2431 clementia
628 2371 784 2444 Romana,

100 2456 223 2537 pertulit
245 2456 330 2537 patris
356 2452 511 2522 mandata,
536 2453 714 2535 benigne'que
738 2475 784 2512 ex-

101 2558 226 2618 ceptus,
250 2555 313 2596 curn
333 2536 459 2615 prasidio
479 2535 621 2596 Gallicam
639 2536 668 2593 in
691 2538 783 2614 ripam

102 2624 207 2680 missus
229 2617 275 2678 est.
297 2618 471 2678 Germanico
492 2619 612 2698 pretium
626 2614 696 2684 fuit,
715 2638 782 2675 con·

100 2722 211 2763 vertere
238 2720 343 2785 agmen
369 2720 376 2754 r
403 2716 616 2781 pugnatumque
641 2696 670 2754 in
695 2697 776 2756 obsi-

101 2784 220 2856 dentis,
247 2792 275 2846 &
302 2800 409 2863 ereptus
432 2780 556 2865 Segestes
584 2798 688 2858 magna
715 2800 780 2839 cum

589 2859 658 2939 Cij
