2075 3659
216 287 468 361 AuuArrurr
491 290 577 360 Lm.
604 290 655 361 ΙΙ.
710 316 776 383 ¹27

2 488 4 493 ι
88 410 188 493 eoque
197 409 490 471 accommodatiorem
502 410 540 471 ad
549 410 725 483 fallendum,
737 412 778 473 ob

74 494 124 553 id
149 494 277 552 maximi
297 492 407 552 Moesiae
422 491 554 573 prefecit.

97 630 103 634 .
133 575 260 634 LXVII.
294 575 410 634 Flaccus
439 576 471 635 in
496 571 653 635 Thraciam
688 594 780 637 trans-

89 676 225 739 gressus,
245 676 293 736 per
317 657 446 739 ingentia
466 656 624 736 promissa,
646 660 779 739 quamvis

88 738 265 821 ambiguum
281 746 309 797 &
326 738 429 797 scelera
440 758 490 797 sua
503 739 699 818 reputantem,
717 760 779 820 per·

87 820 188 900 puht‚
207 840 238 879 ut
274 818 382 879 raesidia
406 819 540 879 Romana
564 838 680 881 intraret
700 842 706 876 ι
724 840 779 879 crr-

88 900 230 962 curndata
251 841 319 959 linc
342 902 403 984 tegi
425 902 517 981 specie
543 896 659 961 honoris
682 901 778 963 valida

87 1003 216 1054 manus3
243 982 405 1063 tribunique
428 992 456 1042 or
479 984 679 1052 centuriones,
706 1003 776 1043 mo-

86 1064 211 1133 nendo,
233 1063 393 1134 suadendo,
413 1072 441 1123 &
456 1062 566 1144 quanto
583 1061 695 1149 longirls
718 1065 775 1125 ab·

90 1146 261 1205 scedebarur
292 1147 429 1225 apertiore
455 1144 604 1217 custodia,
634 1143 778 1227 postremi>

88 1249 220 1311 gnarum·
227 1228 399 1289 necessitatis
412 1228 443 1286 in
458 1227 570 1289 Urbem
585 1248 699 1289 traxere.
710 1229 774 1288 Ac-

90 1329 207 1369 cusatus
221 1311 250 1369 in
267 1328 365 1369 senatu
384 1308 422 1367 ab
440 1329 526 1368 uxore
546 1308 670 1389 Cotyis,
688 1309 775 1369 dam-
837 1382 839 1386 ,

86 1412 198 1463 natur,
217 1411 249 1450 ut
270 1390 368 1469 procul
390 1410 479 1473 regno
502 1408 649 1449 teneretur.
672 1388 775 1451 Thra-

88 1475 138 1533 cia
160 1475 190 1532 in
206 1469 422 1532 Rhoemetalcen
444 1469 554 1543 filium,
577 1492 663 1552 quem
682 1492 777 1552 pater-

89 1556 138 1615 nis
163 1555 287 1616 consiliis
307 1554 485 1613 adversatum
508 1550 676 1624 constabat,
692 1554 777 1635 inque

89 1637 201 1697 liberos
220 1634 325 1716 Cotyis
348 1634 483 1695 diuiditur
508 1636 623 1715 :iisqne
647 1634 777 1697 nondum

91 1718 200 1778 adultis
216 1716 412 1777 Trebellianus
432 1715 523 1776 Rufius
551 1714 666 1797 ptaeturi
690 1716 776 1777 func-

90 1820 140 1860 tus
165 1799 264 1870 datur,
286 1799 337 1880 qui
357 1820 474 1882 regnum
494 1800 608 1858 interim
627 1802 776 1871 cruciarer,

92 1882 228 1960 exemplo
250 1901 308 1961 quo
334 1886 454 1961 majores
476 1880 611 1940 Marcum
634 1881 778 1961 Lepidum

92 1963 244 2023 Ptolemaei
266 1962 359 2022 liberis
383 1983 527 2032 tutorem,
554 1964 585 2021 in
613 1961 778 2044 AEgyptum

92 2046 240 2105 miserant.
270 2041 458 2122 Rhescuporis
487 2042 690 2102 Alexandriam
722 2044 777 2103 de-

93 2130 213 2194 rcilus,
228 2146 313 2207 atque
328 2126 386 2183 illic
398 2124 497 2208 fugam
514 2143 647 2194 tentans,
662 2146 699 2184 an
710 2122 779 2186 ficto

93 2209 237 2278 crimine,
256 2204 430 2267 interficitur.

136 2289 301 2349 LXVIII.
318 2289 370 2347 Per
391 2287 468 2347 idem
490 2307 601 2368 tempus
619 2286 776 2360 Vonones,

92 2393 182 2454 quem
213 2390 342 2431 amotum
373 2371 404 2429 in
433 2370 570 2431 Ciliciam
599 2374 777 2443 memoravi,

94 2455 234 2533 corruptis
266 2450 426 2512 custodibus
454 2449 577 2535 effugere
607 2453 645 2512 ad
675 2454 779 2513 Arme-

93 2537 176 2605 nios,
197 2534 262 2594 inde
286 2536 316 2592 in
334 2534 463 2593 Albanos
484 2531 726 2616 Heniochosque,
750 2542 779 2593 δε

92 2618 340 2698 consanguineum
356 2616 410 2674 sibi
425 2634 521 2699 regem
538 2612 713 2695 Scytharum
728 2636 778 2673 co·

93 2718 181 2758 natus
201 2696 241 2755 est
263 2720 271 2755 t
293 2698 384 2777 specie
401 2696 546 2769 venandi,
562 2698 672 2757 omissis
691 2698 778 2755 mari-

93 2781 175 2841 timis
201 2779 296 2854 locis,
323 2780 388 2844 avia
414 2778 536 2844 saltuum
569 2779 651 2861 petiit
677 2802 683 2835 r
710 2798 778 2839 mor

618 2858 687 2923 Fiv
