2075 3659
193 327 444 415 A'nnnnnn
467 342 552 416 Lm.
582 343 648 418 VI.
702 367 741 437 32
750 373 765 441 3

82 455 181 528 s'imnl
194 474 253 526 alla
274 463 457 550 &instantio
478 467 549 527 Haec
570 469 641 527 vatis
661 469 690 526 in
705 491 770 530 rno-

83 547 162 607 dum
179 618 182 629 ¹
197 549 354 626 diffitens,
387 572 472 610 venas
505 551 627 610 resolvit.
664 549 769 610 Docu-

83 647 190 688 mento
220 632 363 711 sequentia
388 639 487 702 erunt,
512 631 584 690 bene
605 631 771 694 Arruntium

83 725 183 770 morte
204 733 293 772 usum.
317 713 460 773 Albucilla
487 715 572 771 inrito
599 715 657 772 ielu
683 737 698 772 a
721 736 768 772 se-

83 813 152 852 met
169 794 334 864 vulnerata,
356 799 430 872 jussu
448 791 558 854 senariis
580 797 609 854 in
633 815 771 856 carcerem

84 874 187 934 fertur.
208 875 372 955 Stuprorurn
389 881 445 955 ejus
466 873 603 946 ministri,
630 877 772 938 Carsidius

84 955 245 1026 Sacerdos,
254 957 398 1030 praetorius
409 1003 420 1027 ,
431 978 460 1015 ut
475 959 505 1016 in
516 959 637 1016 insolam
648 961 772 1032 deporta-

87 1055 170 1096 retur
176 1061 190 1110 ‚·
206 1037 325 1097 Pontius
341 1039 516 1118 Fregellanus
536 1041 675 1098 amitteret
693 1041 771 1100 ordi-

85 1142 154 1179 nem
173 1121 340 1178 senatorium
349 1143 363 1192 ,·
377 1115 403 1178 ἃ
418 1124 605 1196 eedempoenae
617 1122 647 1179 in
659 1121 772 1182 Laelium

86 1201 212 1260 Balbum
231 1200 412 1260 decernuntur
433 1226 439 1258 ε
461 1202 490 1260 id
506 1201 622 1282 quidem
642 1224 658 1262 a
677 1202 772 1262 laetun-

87 1282 187 1354 tibus,
207 1284 273 1363 quia
292 1283 395 1342 Balbus
416 1284 487 1341 truci
503 1283 664 1364 eloquentia
686 1281 773 1344 habe

87 1363 195 1434 batur,
218 1385 362 1442 promptus
383 1363 530 1423 adversum
551 1366 682 1424 insontes.

134 1445 243 1505 XLIX.
268 1445 372 1504 lisdem
401 1444 498 1504 diebus
529 1445 592 1504 Sex.
616 1445 773 1524 Papinius,

88 1527 235 1596 consulari
262 1525 371 1585 familiai
394 1573 404 1597 ‚
430 1528 604 1606 repentinum
634 1535 661 1586 δι
686 1525 775 1584 infor-

88 1608 173 1668 mem
200 1611 305 1668 exitum
334 1607 463 1690 delegit,
489 1611 565 1687 judio
598 1609 626 1666 in
654 1627 774 1688 praeceps

88 1711 212 1771 corpore
239 1715 245 1746 ε
274 1712 355 1750 causa
379 1689 415 1749 ad
441 1710 560 1749 matrem
581 1687 774 1760 referebatur,

89 1792 158 1857 quae
192 1770 311 1853 pridem
330 1771 496 1851 repudiata,
532 1770 774 1832 adsentationibus

88 1873 181 1935 atque
206 1855 273 1912 luxu
301 1855 461 1934 perpulisset
484 1857 616 1932 juvenem
647 1851 684 1912 ad
712 1873 774 1921 ea,

89 1956 218 2019 quorum
238 1932 375 2018 effugium
399 1957 458 1994 non
476 1936 531 1992 nisi
549 1953 638 1992 morte
658 1935 774 1992 inveni-

89 2037 145 2077 ret.
165 2016 255 2100 Igitur
269 2035 396 2074 accusata
412 2017 442 2072 in
461 2032 578 2082 senatu,
599 2035 775 2096 quamquam

90 2119 192 2182 genua
230 2116 339 2175 patrum
372 2093 594 2165 advolveretur,
629 2095 777 2172 latiumque

91 2200 284 2246 communem,
305 2175 331 2236 ὃ·
349 2177 436 2255 magis
456 2176 619 2235 imbecillum
632 2178 686 2234 tali
697 2198 780 2250 super

92 2257 166 2321 c'asu
172 2259 341 2338 feminarum
359 2260 497 2328 animum,
509 2257 626 2338 'aliaque
642 2259 670 2318 in
691 2279 775 2318 eum-

93 2339 166 2402 dem
198 2339 325 2399 dolorem
356 2337 453 2398 moesta
482 2347 509 2400 &
535 2339 691 2400 miseranda
726 2339 777 2408 diu

94 2423 203 2493 ferret,
226 2423 294 2480 urbe
318 2441 413 2480 tamen
433 2421 576 2480 indecem
600 2444 688 2482 annos
710 2443 777 2502 pro·

96 2504 193 2563 hibita
220 2501 277 2572 est,
306 2501 396 2562 donec
421 2505 514 2562 minor
541 2501 614 2564 filius
637 2505 778 2566 lubricum

96 2592 219 2668 juventae
238 2585 332 2644 exiret.
527 2643 530 2650 ,

142 2668 176 2726 L.
201 2668 265 2728 Jam
289 2665 438 2725 Tiberium
462 2669 583 2746 corpus,
603 2671 663 2744 jam
683 2666 779 2736 vires,

99 2748 230 2806 nondum
239 2747 424 2806 dissimulatio
432 2746 590 2806 deserebat:
603 2747 678 2806 idern
690 2747 780 2806 animi

100 2824 180 2911 rigor
195 2849 343 2888 :sermone
360 2842 393 2888 'ac
410 2829 489 2890 vultu
505 2831 649 2903 intentus,-
664 2826 781 2909 quaesit&

511 2911 593 2972 Ovi
