2075 3659
252 292 297 375 56
373 285 410 353 C.
440 285 587 352 cons.
619 284 805 351 TAcrrr

251 404 337 463 cladis
366 409 423 483 ejus
451 402 607 483 superstites
630 426 667 485 pu
688 425 756 463 narn
784 422 835 463 aut
858 407 935 465 vin«

250 486 313 544 cula
336 486 439 565 elapsi,
463 485 642 555 referebant,
667 425 713 545 lic
736 486 868 545 cecidisse
891 489 935 546 lc-

249 586 329 647 garos
341 590 354 639 ;
382 568 442 625 illic
468 585 561 641 raptas
585 567 694 643 aquilas
704 590 717 639 ;
738 569 861 641 primum
886 569 937 626 ubi

250 650 352 709 vulnus
373 648 406 707 V
401 670 449 706 aro
467 652 611 720 odardum
628 648 675 705 ubi
689 648 797 726 infelici
814 651 935 720 dextra,

233 743 235 747 ’
253 726 280 789 ἃ
293 752 343 787 suo
356 730 408 788 inu
424 748 536 789 mortem
556 730 693 791 inverterit
703 752 718 802 ,·
730 752 783 806 quo
798 730 937 789 tribunali

252 813 428 871 concionatus
448 810 598 870 Arminius
606 834 620 885 ,·
638 831 703 889 quor
720 809 849 884 patibula
867 834 936 885 cap·

253 892 345 963 rivis,
365 914 420 969 quur
441 893 546 951 scrobes
553 916 567 965 ‚·
586 912 664 970 utque
681 893 771 971 siguis
787 888 936 969 &aquilis

249 996 304 1049 per
315 974 467 1046 superbiam
481 976 618 1034 inluserit.
951 1025 957 1029 .

293 1054 388 1113 LXII.
405 1054 495 1137 Igitur
508 1056 656 1115 Romanus
669 1057 719 1135 qui
732 1055 828 1115 aderat
848 1076 934 1115 exer-

252 1136 352 1203 citus,
374 1156 483 1195 sextum
508 1136 570 1216 post
591 1136 678 1196 cladis
696 1158 822 1207 annum,
846 1140 937 1198 trium

252 1218 401 1299 legionum
420 1240 498 1288 ossa,
518 1220 597 1277 nullo
609 1239 743 1278 noscente
761 1220 866 1277 alienas
883 1241 934 1278 re-

254 1298 357 1378 liquias
377 1322 413 1359 an
431 1321 544 1359 suorum
565 1298 654 1359 humo
675 1319 806 1382 tegeret,
833 1321 937 1361 omnes

256 1399 289 1438 ur
315 1384 502 1458 commistos,
524 1401 555 1440 ut
578 1384 823 1464 consanguineos,
850 1383 938 1443 audli

195 1503 200 1508 -
255 1462 286 1519 in
301 1458 408 1520 hostem
422 1461 478 1531 iri,
494 1461 587 1521 moesti
598 1463 684 1521 simul
696 1471 723 1521 δι
736 1462 839 1522 infensi
858 1485 935 1523 con-

257 1541 372 1603 debant.
394 1544 522 1603 Pri-mum
548 1543 711 1604 exstruendo
736 1544 847 1603 tumulo
869 1566 936 1605 ces-

256 1625 346 1703 pitem
363 1624 457 1685 Caesar
470 1627 580 1705 posuit,
601 1628 762 1709 gratissimo
775 1647 890 1685 munere
905 1628 937 1688 in

257 1704 428 1776 defuneros,
455 1708 679 1785 &praesentibus
703 1706 809 1767 doloris
833 1709 936 1770 socius.

257 1786 348 1863 Quod
362 1786 480 1847 Tiberio
499 1785 574 1848 haud
587 1790 757 1869 probatum,
772 1810 820 1850 seu
835 1792 938 1851 cuneta

258 1867 427 1929 Germanici
445 1872 474 1929 in
491 1868 610 1931 deterius
627 1868 772 1940 trahenti,
790 1872 848 1931 sive
861 1892 940 1931 exer·

257 1953 348 2011 citum
371 1953 496 2033 imagine
521 1974 652 2013 caesorum
678 1954 939 2033 insepultorumque

260 2034 401 2095 tardatum
423 2032 459 2091 ad
483 2034 600 2113 proelia,
625 2044 652 2095 δε
678 2033 939 2095 formidolosiorem

260 2112 383 2175 hostium
400 2114 531 2175 credebat
547 2140 553 2171 ι
567 2138 648 2192 neque
667 2117 872 2189 imperatorem,
891 2138 939 2175 au·

258 2214 356 2275 guraru
368 2194 598 2277 &vetustissimis
606 2198 770 2257 cerimoniis
775 2198 938 2271 praedirum,

261 2283 404 2337 uttreiiare
409 2279 516 2353 feralia
526 2278 659 2338 debuisse.

302 2356 409 2418 LXIII.
437 2358 492 2418 Sed
520 2359 707 2421 Germanicus
731 2359 878 2421 cedentem
907 2362 939 2421 in

259 2440 325 2500 avia
338 2440 500 2499 Arminium
514 2461 640 2513 secutus,
654 2443 704 2501 ubi
716 2440 838 2522 prinnim
855 2444 940 2522 copia

262 2520 335 2592 fuit,
362 2518 443 2581 evehi
467 2524 595 2602 equites,
619 2544 827 2604 campumque,
851 2545 939 2603 quem

263 2599 349 2662 hostis
384 2602 543 2672 insederat,
576 2606 644 2684 eripi
674 2605 761 2684 jubet.
792 2605 940 2665 Arminius

264 2686 362 2768 colligi
373 2706 453 2756 suos,
466 2694 492 2747 δι
507 2688 692 2766 propinquare
704 2687 779 2746 silvis
793 2688 940 2756 monitos,

263 2767 347 2829 vertit
366 2787 477 2851 repente
499 2789 505 2825 r
524 2787 592 2828 mox
608 2769 721 2852 signum
738 2766 942 2850 prorumpendi
