2075 3659
282 324 355 377 ’κιο
409 306 445 378 C.
475 310 625 377 cortu.
658 311 866 379 Tucrrr

284 422 391 493 manici
411 430 508 498 mitis,
529 449 591 488 tum
606 426 675 487 vero
692 432 795 506 equari
810 433 961 494 adularer

284 530 325 571 ees
341 517 449 590 senecia
462 532 534 579 suu,
552 510 734 590 impatienter
745 511 877 573 indoiuit
895 535 902 570 t
917 535 962 572 ac-

284 592 411 673 citosque
430 589 578 671 pontifices
598 594 795 670 pessundatus
819 592 862 652 est
873 641 885 663 ‚
903 616 961 653 nune

240 706 244 713 -
284 674 318 731 id
331 672 455 747 precibus
477 671 659 752 Agrippinae,
678 692 726 730 aret
744 674 838 733 minis
856 674 960 734 tribuis-

284 774 354 813 sent.
376 754 415 814 Et
434 752 635 835 illilquid'em‚
655 774 837 834 quamquam
862 756 961 815 abnue-

284 856 370 905 rent,
397 834 517 895 modice·
539 833 672 913 perstriffi
688 881 700 903 ‚
733 838 879 906 (etenim
906 856 962 917 pan

283 935 392 999 magna
412 938 427 975 e
449 917 612 997 propinquis
636 917 738 995 ipsius,
756 937 809 976 aut
830 920 961 997 primores

285 998 410 1059 civitatis
431 1016 509 1058 erant
528 1004 541 1071 )
562 996 685 1056 cetertim
706 999 736 1061 in
757 1018 882 1069 senatu,
905 1022 962 1059 ora·

285 1080 364 1141 tione
378 1080 491 1139 monuit
509 1079 539 1137 in
555 1076 712 1157 posterum,
729 1080 841 1155 nequis
854 1081 962 1140 mobiles

283 1161 496 1219 adolescentium
510 1161 619 1218 animos
626 1161 804 1233 prematuris
819 1160 963 1219 honoribus

284 1243 324 1301 ud
346 1241 500 1315 superbiam
524 1243 674 1304 extolleret.
706 1238 838 1300 Instabat
867 1244 963 1322 quippe

285 1322 421 1401 Sejanus,
439 1321 641 1402 incusabatque
651 1322 789 1381 nouam
800 1323 962 1392 civitatem,

286 1422 318 1465 ut
330 1404 414 1465 civili
431 1402 500 1463 bello
518 1427 529 1461 .·
544 1426 603 1462 esse
619 1404 666 1480 qui
680 1425 711 1461 se
722 1403 851 1476 partium
868 1404 965 1483 Agrip·

282 1486 359 1561 pinu
372 1502 489 1556 νοοεηες
508 1507 540 1542 ae
553 1484 585 1541 ni
602 1484 760 1564 resistatur,
772 1484 842 1561 fore
855 1487 964 1558 pueris:

286 1587 370 1643 neque
389 1567 468 1625 uliud
480 1566 624 1644 gliscentis
641 1565 784 1624 discordie
803 1568 963 1637 remedium,

287 1646 367 1724 qulam
382 1648 492 1709 sirenus
509 1648 614 1710 alterve
627 1645 748 1707 maximi
760 1648 890 1726 prompti
907 1647 964 1706 sud-

286 1746 464 1790 verterentur.

328 1808 441 1868 XVIII.
459 1806 528 1884 Qud
544 1809 626 1871 causi
642 1808 680 1870 C.
693 1808 798 1868 Silium
810 1818 838 1869 δι
853 1808 963 1869 Titium

288 1888 427 1949 Sabinum
447 1889 609 1973 adgreditur
626 1914 633 1948 :
650 1891 778 1950 amicitia
800 1890 965 1951 Germanici

287 1972 445 2053 perniciosa
470 1973 600 2053 utrique3
629 1972 700 2031 Silio
729 1978 781 2042 δι,
809 1969 890 2052 quod
913 1974 963 2030 in-

289 2055 382 2136 gentis
402 2051 535 2113 exercitiis
558 2072 664 2131 septem
686 2072 734 2131 per
752 2073 845 2111 annos
865 2052 966 2111 mode-

289 2154 385 2205 rator,
409 2136 549 2215 partisque
570 2132 645 2212 apud
663 2133 851 2193 Germaniam
871 2136 968 2193 trium·

287 2213 438 2295 phalibus‚
451 2215 639 2277 Sacroviriani
652 2213 719 2273 belli
734 2216 846 2283 vidior,
858 2214 967 2295 quantis

291 2300 398 2375 'majore
420 2297 497 2355 mole
520 2295 701 2375 procideret,
723 2296 784 2374 plus
805 2294 967 2354 formidinis

293 2539 448 2619 immodice
462 2541 612 2619 jacientis,
631 2558 708 2596 suurn
727 2539 847 2615 militem
869 2540 902 2597 in
921 2537 966 2595 ob·

293 2623 385 2699 requio
406 2622 566 2689 duravisse,
591 2640 670 2695 quum
690 2619 744 2676 alii
762 2622 801 2677 ad
815 2620 966 2678 seditiones

290 2703 512 2776 prolaberentur:
523 2722 604 2778 neque
615 2721 772 2758 mansurum
790 2699 905 2759 Tiberio
915 2700 967 2757 im·

288 2784 423 2858 perium,
451 2784 479 2842 si
508 2784 547 2842 iis
573 2802 671 2859 quoque
697 2780 849 2859 legionibus
872 2780 967 2853 cupido

291 2377 322 2436 in
339 2378 410 2438 alios
427 2377 656 2459 dispergebatur:
672 2374 824 2435 credebant
842 2376 967 2457 plerique
1022 2363 1023 2422 i

292 2462 404 2518 audiam
419 2455 606 2518 offensionem
623 2457 707 2537 ipsius
724 2457 965 2537 intemperanti&
1022 2495 1023 2514 r
