2075 3659
232 274 267 363 vj
352 250 776 339 ADanTo'nrrr.

227 390 336 473 Regius
355 390 459 471 linguat
480 387 584 446 Graecae
597 382 764 456 Professor,
783 406 799 444 e
817 384 916 471 Regia

225 488 441 571 inscriptionum
461 496 488 547 δι
508 488 663 547 litterarum
682 485 864 559 Academia,
882 497 915 548 δι

227 588 386 673 Regiorum
410 584 665 669 manuscriptorum
690 586 782 647 custos
804 588 912 648 ocula-

226 690 364 749 tissimus.
386 687 492 759 Idem,
513 685 572 769 qud
593 688 718 769 pluribus
739 687 913 768 adjumentis

228 792 260 851 in
283 788 482 879 emendatione
502 786 592 847 textis
609 790 783 858 niteremur,
804 792 917 849 curavit

231 884 325 949 afferri
342 886 398 947 sibi
411 908 426 944 e
440 886 596 947 Germania
613 884 784 965 postremam
802 886 913 946 editio·

231 1002 299 1041 nem
322 980 442 1051 Taciti,
466 1001 528 1060 quae
551 980 654 1060 Lipsiae
674 980 779 1061 prodiit
800 985 918 1043 odionis

233 1101 311 1141 anno
342 1098 375 1152 17
382 1098 427 1152 5²·-
453 1076 539 1137 Hanc
564 1077 743 1151 adornavit,
767 1089 795 1141 δε
818 1079 917 1143 solerti

231 1178 301 1243 curi
318 1176 456 1241 recensuit
472 1178 597 1239 lacobus
614 1177 746 1241 Etnestus
761 1228 771 1253 ,
784 1185 915 1265 conqui-

234 1280 296 1338 sitis
314 1286 342 1339 &
357 1279 477 1337 excussis
490 1274 603 1337 vetustis
616 1277 714 1337 Taciti
727 1278 810 1339 editis
825 1279 918 1341 fersnd

229 1378 370 1437 omnibus
394 1375 490 1437 :unde
506 1376 570 1437 loca
591 1397 651 1435 non
668 1390 782 1457 pauca,
803 1377 920 1439 mendis

228 1475 344 1545 dudum
364 1470 594 1557 typographicis,
609 1492 661 1535 aut
671 1477 835 1536 messoris
848 1496 919 1537 ma-

234 1594 276 1637 nu
290 1592 417 1654 corrupta
428 1618 438 1645 ,
450 1572 564 1634 sanitati
580 1570 706 1633 restituit
716 1573 810 1654 Hujus
821 1594 923 1633 exem-

237 1678 287 1759 plo
309 1674 441 1747 nsueti,
463 1676 620 1745 letiiooes,
643 1696 713 1755 quas
733 1673 880 1755 plerasque
904 1696 924 1734 e

232 1780 332 1863 ¹Regio
352 1777 450 1839 codice
464 1794 682 1845 notavetamus,
697 1775 727 1833 in
746 1792 856 1833 textum
876 1795 923 1833 re-

230 1881 330 1960 :oipere
347 1875 424 1938 haud
441 1875 654 1943 dubitavimus,
672 1890 795 1951 repertas
813 1873 844 1931 in
858 1870 927 1931 edf-
1029 1951 1030 1956 ἵ

233 1978 275 2037 tis
297 1972 501 2056 antiquioribus
521 2016 531 2041 ,
550 1990 583 2029 ac
605 1965 756 2047 praesertim
776 1969 806 2027 in
829 1970 924 2048 prima
1029 2045 1030 2052 ἵ

233 2072 371 2135 omnium
393 2066 517 2127 editione
536 2064 655 2123 loannis
677 2062 836 2142 Spirensis,
859 2086 926 2145 qnae

233 2167 450 2253 pulcherrima,
470 2174 498 2225 &
517 2185 533 2223 e
551 2164 631 2222 bono
645 2161 765 2233 codice,
784 2182 816 2221 ut
835 2185 926 2245 appa·
1029 2153 1030 2156 ¹

233 2289 315 2340 tet,
342 2286 406 2326 cum
438 2263 572 2323 omnibus
598 2262 775 2323 librariorum
801 2265 927 2342 peccatis

236 2368 352 2436 duda,
381 2361 577 2421 ansioritatem
599 2347 788 2435 xmanuscripti
817 2355 929 2417 codicis

242 2472 302 2548 jure
316 2464 441 2525 obtinete
456 2460 555 2541 possit.
568 2454 667 2547 Quum
681 2474 777 2514 autem
791 2451 822 2512 lai
836 2453 928 2542 editi,
1029 2497 1030 2506 ,

245 2562 329 2621 sicuti
346 2568 373 2619 dt
389 2555 520 2625 codices,
540 2552 697 2632 frequenter
714 2552 744 2609 in
761 2551 837 2609 notis
856 2572 929 2609 nos-

245 2665 297 2724 tris
320 2660 516 2742 appellentur,
541 2652 617 2714 baud
642 2653 693 2713 abs
719 2674 747 2711 te
771 2650 863 2713 visum
882 2652 930 2740 ¹est

240 2781 338 2843 ,pauca
352 2756 399 2821 hic
417 2756 516 2819 referte
530 2775 565 2816 ex
576 2756 612 2814 iis
623 2798 635 2826 ,
647 2774 709 2837 quat
726 2751 761 2812 de
780 2750 933 2813 codicibus

896 2848 917 2885 o'.
