2075 3659
190 340 438 449 Arruntium
461 345 546 437 Lrn.
571 343 640 414 IV.
668 344 671 352 '
694 365 764 434 259

86 461 159 520 nisi
174 457 235 520 solo
246 465 399 542 firmitatis
417 471 549 539 spellam.
567 464 670 524 Atilius
687 465 717 524 in
735 485 780 524 er-

85 543 194 602 silium
223 547 301 604 aclus
327 543 375 604 est.
402 545 537 606 Cetertim
565 545 616 606 sub
638 565 779 606 recentem

90 623 213 682 cladem
246 645 359 704 patuere
392 648 537 707 procerum
570 626 700 698 domus,
732 625 780 685 fo-

87 725 215 776 menta,
230 715 258 766 &
277 707 382 766 medici
397 711 501 788 passim
516 709 626 788 praebiti
644 731 650 764 ε
670 706 779 788 fuitque

87 787 164 846 urbs
181 808 227 867 pet
243 788 311 848 illos
332 787 414 860 dies,
431 793 606 872 quamquam
625 787 723 848 moestu
738 787 779 848 fa·

90 870 158 938 cie,
169 889 295 928 veterum
312 868 443 930 institutis
461 873 582 942 similis,
604 871 653 952 qui
674 891 780 952 magna
799 893 804 900 ·

90 948 162 1029 post
180 951 273 1030 praelia
289 953 398 1011 saucios
413 952 581 1037 largitione,
597 961 624 1012 ὅ(
643 950 708 1012 cuti
723 973 780 1014 sus-

91 1031 255 1091 tentabant.

97 1155 101 1163 ,
138 1113 250 1172 LXIV.
271 1113 411 1174 Nondum
431 1135 464 1176 ea
488 1114 581 1176 clades
601 1113 776 1185 exoleverat,

90 1215 190 1276 quum
212 1197 286 1278 ignis
303 1196 438 1257 violentia
462 1197 561 1256 urbem
578 1197 648 1256 ultra
663 1196 778 1262 solitum

91 1276 224 1347 adfecit,
244 1275 339 1336 deusto
361 1286 458 1337 monte
477 1278 575 1338 Coelio
593 1301 599 1334 :
612 1279 778 1356 feralemque

91 1381 202 1418 annum
220 1357 363 1430 fetebant,
385 1356 412 1419 ὃ)
429 1359 566 1418 ominibus
582 1359 707 1418 adversis
721 1379 780 1416 sus-

92 1459 205 1514 ceptum
223 1441 347 1516 principi
374 1441 520 1500 consilium
550 1439 706 1506 absentia,
729 1439 780 1518 qui

93 1528 166 1582 nios
183 1523 288 1606 vulgo,
303 1521 419 1582 fortuita
433 1521 470 1581 ad
489 1522 601 1600 culpam
618 1516 778 1590 trahentest

93 1606 127 1663 ni
145 1602 244 1664 Caesat
255 1603 373 1663 obviam
390 1605 470 1674 isset,
485 1601 635 1662 tribuendo
647 1601 780 1682 pecunias

94 1705 131 1744 ex
161 1685 251 1744 modo
270 1685 443 1745 detrimenti.
462 1685 597 1766 Aliaeque
618 1683 644 1742 ei
665 1702 779 1766 grateS,

94 1767 179 1851 apud
210 1785 337 1827 senatum
370 1767 407 1826 ab
435 1764 616 1837 inlustribus,
645 1763 780 1848 famique

97 1847 182 1929 apud
194 1849 349 1930 populum,
368 1851 435 1930 quia
453 1851 512 1908 sine
533 1848 712 1918 ambitione,
732 1863 780 1932 aut
829 1879 832 1894 ·

95 1933 296 2012 proximorum
317 1931 462 2012 precibus,
483 1932 598 2012 ignotos
618 1929 704 1986 ct'rum
724 1973 734 1998 ,
753 1937 780 1990 δί

97 2014 178 2072 ultro
202 2015 330 2082 accitos,
359 2008 552 2070 munificentiis
575 2015 689 2088 juverat.
718 2007 780 2068 Ad-

98 2093 207 2154 duntut
222 2097 381 2163 sententiae,
398 2111 428 2150 ut
442 2103 524 2149 mons
544 2091 654 2151 Coelius
671 2091 700 2148 in
719 2109 781 2168 pos·

98 2194 193 2234 terum
224 2174 359 2253 Augustus
393 2173 605 2252 appellaretur:
636 2169 780 2252 quando,

99 2259 211 2316 cunetis
230 2252 334 2313 circum
352 2253 557 2337 flagrantibus,
583 2253 642 2312 sola
670 2252 780 2312 Tiberii

68 2412 71 2423 v
99 2339 224 2419 effigies,
245 2339 297 2396 sita
315 2338 346 2395 in
364 2336 452 2396 domo
472 2336 549 2395 Junii
565 2336 716 2405 senatoris,
738 2335 781 2394 in·

99 2421 211 2480 'violatu
222 2420 375 2479 mansisset.
390 2418 528 2479 Evenisse
537 2419 569 2476 id
577 2417 646 2475 olim
661 2417 781 2476 Claudite

104 2503 236 2582 Quintae,
250 2503 367 2581 ajusquc
380 2502 516 2580 statuam,
537 2500 596 2559 vim
614 2500 718 2578 ignium
736 2495 780 2555 bis

101 2587 240 2658 elapsam,
260 2584 378 2662 majores
397 2585 470 2654 apud
482 2583 563 2638 cedem
579 2579 687 2636 Matris
703 2577 780 2636 decim

101 2665 307 2724 consecravisse
325 2689 335 2722 .·
348 2668 456 2722 sanlius
472 2679 641 2736 acceptosque
657 2659 779 2716 mimini²

30 2745 34 2750 ’
103 2745 153 2804 bus
187 2747 315 2804 Clrurdios
340 2769 350 2802 :
379 2741 577 2821 &aagendam
599 2739 806 2800 caerimoniam.

104 2828 182 2896 loco,
198 2829 229 2886 in
248 2850 305 2903 quo⁴
316 2824 422 2885 ramum
442 2826 473 2883 in
486 2823 639 2900 principem
654 2820 780 2882 honorem

105 2909 149 2968 dii
166 2908 334 2992 ostenderint.
