2075 3659
254 313 325 382 190
378 290 413 360 C.
443 290 597 361 coia.
630 288 836 359 Tacrrr

253 413 336 472 tebat
354 412 429 469 enim
449 411 560 471 Graecas
573 429 621 488 per
629 408 711 468 urbes
722 408 843 469 licentia
858 428 944 492 atque

252 494 406 574 impunitas
427 493 504 572 asyla
524 489 667 559 ,statuendi
690 514 697 547 :
720 491 945 571 complebantur

251 575 360 655 templa
406 574 533 653 pessimis
569 572 749 632 servitiorum
784 596 792 629 ι
837 574 946 632 eodem

253 656 378 717 subsidio
392 655 509 715 obaerati
527 653 674 714 adversum
694 653 872 725 creditores,
886 676 946 715 sus·

251 740 383 819 petiique
413 738 578 817 capitalium
619 737 771 794 criminum
810 756 947 816 recepta-

253 820 364 881 bantur.
383 818 445 878 Nec
462 819 552 877 ullum
567 819 633 876 satis
644 817 772 876 validum
786 819 947 896 imperium

251 920 312 962 erat
339 900 497 961 coercendis
531 898 716 959 seditionibus
744 899 867 979 populi,
892 902 945 959 fla-

252 984 326 1065 gitia
341 980 508 1051 hominum,
521 1000 552 1040 ut
566 982 740 1040 caerimonias
752 978 838 1039 desim
852 989 864 1051 ,
876 1002 944 1060 pro·

253 1066 384 1145 tegentis.
416 1064 507 1146 Igitur
538 1062 674 1141 placitum
697 1108 709 1131 ,
736 1082 767 1121 ut
789 1063 948 1123 mitterent

253 1146 383 1205 civitates
395 1149 474 1222 jura,
489 1164 575 1224 atque
587 1143 705 1226 legatos.
728 1143 767 1203 Et
789 1143 927 1224 quaedam
934 1190 946 1217 ,

252 1225 332 1307 quod
356 1224 428 1285 falsi)
448 1245 664 1305 usurpaverant,
685 1244 785 1304 sponte
798 1226 947 1284 omisere:

254 1309 350 1367 multae
369 1305 482 1368 vetustis
496 1304 756 1386 superstitionibus,
768 1326 818 1365 aut
830 1309 948 1368 meritis
1031 1308 1032 1311 ’

253 1391 285 1449 in
309 1390 444 1470 populum
464 1390 630 1447 Romanum
652 1386 787 1447 fidebant.
811 1389 945 1471 Magna·

254 1492 310 1552 que
326 1478 382 1550 ejus
398 1470 454 1529 diei
469 1473 572 1550 species
587 1469 658 1541 fuit,
673 1490 732 1551 quo
748 1490 860 1530 senatus
876 1492 947 1531 ma·
1031 1466 1032 1475 ¹

253 1557 348 1632 jorum
365 1551 527 1621 beneficia,
552 1553 693 1611 sociorum
714 1554 795 1631 palia
808 1598 826 1634 ,Ι
838 1572 948 1635 regum

254 1632 344 1693 etiam
363 1637 490 1715 quiante
510 1634 571 1693 vim
589 1634 753 1694 Romanam
772 1633 947 1706 valuerant,

255 1714 391 1786 decreta,
409 1717 589 1795 ipsorumque
611 1717 762 1775 numinum
788 1715 948 1799 religiones

255 1792 445 1875 introspexit,
474 1796 589 1867 libero,
615 1816 646 1856 ut
667 1795 840 1877 quondam,
868 1797 949 1879 quid
1030 1864 1032 1867 Α

255 1875 381 1938 firmaret
403 1898 569 1938 mutaretve.

250 1968 251 1971 ’
298 1960 376 2020 LXI.
404 1961 493 2019 Primi
516 1960 647 2019 omnium
674 1957 791 2041 Ephesii
821 1958 947 2033 adiere,

257 2062 447 2103 memorantes
471 2066 477 2098 :
502 2040 591 2111 Non,
627 2060 657 2099 ut
683 2044 782 2120 vulgus
805 2037 949 2115 crederet,

257 2126 385 2184 Dianam
394 2143 471 2202 atque
479 2123 639 2197 Apollinem
651 2122 727 2182 Delo
736 2124 845 2201 genitos
860 2148 869 2182 .·
881 2148 949 2185 esse

257 2210 332 2281 apud
347 2230 377 2266 se
401 2204 558 2265 Cencltriam
579 2227 707 2275 amnem,
730 2207 820 2263 lucum
851 2204 947 2286 Orcy-

257 2289 354 2367 giam,
374 2286 420 2343 ubi
442 2287 600 2357 Latonam,
617 2304 702 2361 partu
721 2287 871 2364 gravidam
885 2334 898 2358 ,
919 2285 948 2348 δ’

258 2370 345 2437 alea,
370 2388 425 2444 quai
450 2384 507 2423 tam
532 2368 616 2426 etiam
638 2387 770 2440 maneat,
793 2370 946 2441 amison,

258 2450 378 2511 edidisse
397 2471 429 2507 ta
448 2450 563 2529 nomina
580 2475 590 2508 :
607 2452 764 2526 deorumque
776 2452 884 2508 monita
894 2474 946 2509 sa·

260 2551 363 2591 tration
373 2552 476 2589 nemus.
489 2528 580 2609 Atque
590 2532 680 2605 ipsum
692 2531 753 2589 illic
762 2530 944 2606 Apollinem,

256 2616 315 2697 post
332 2614 484 2690 interfelios
504 2614 659 2693 Cyclopas,
675 2612 757 2673 lovis
775 2614 848 2672 iram
863 2618 945 2675 vita-

259 2698 347 2757 visse.
361 2694 435 2753 Mox
446 2694 573 2753 Liberum
579 2713 703 2769 patrem,
714 2694 784 2754 bello
795 2697 945 2766 viliorem,

259 2776 427 2853 supplicibus
436 2774 946 2859 Amazonumffloaramimederant,
