2075 3659
247 321 291 382 42
372 296 409 364 C.
438 264 587 363 Coris.
618 295 806 361 Tacrrr

247 418 402 485 veterani,
435 413 511 475 haud
527 410 630 473 ⁴multo
658 410 721 492 post
750 413 782 471 in
808 411 941 473 Raetianr

248 499 413 567 mittuntur,
427 494 518 575 specie
532 493 714 554 defendenda
726 494 881 572 provinciae
894 495 941 555 ob

248 578 424 637 imminentis
445 577 570 646 Suevos;
588 574 713 635 cetenim
731 593 770 634 ut.
778 575 943 635 avelleren-

249 680 294 723 tur
316 656 408 717 castris
428 702 437 727 ,
456 658 580 717 trucibus
605 654 700 722 adhuc
721 702 732 724 ‚
757 678 820 715 non
838 656 941 719 minsis

248 738 400 819 asperitate
408 738 542 809 remedii,
559 735 645 818 qudm
661 736 770 798 sceleris
780 738 940 799 memoria.

250 820 489 881 Centurionatunr
499 818 566 879 inde
580 821 656 902 egit:
670 822 772 880 citatus
785 818 825 877 ab
839 821 941 899 impe·

249 921 342 961 ratore
367 922 494 971 nornen,
515 899 666 970 ordinem,
696 901 844 979 patriam,
875 922 938 959 nu-

183 1024 184 1027 *
243 980 658 1061 .rnerumstipendiorum,quae
667 978 940 1059 strenuleinptoeliis

251 1062 379 1132 fecisset,
399 1072 427 1123 &
443 1065 489 1121 cui
506 1079 586 1121 erant
602 1061 678 1121 dona
697 1062 851 1130 militaria,
869 1063 941 1122 ede·

251 1144 303 1203 bat
328 1145 378 1203 :si
399 1143 522 1211 tribuni,
545 1145 570 1202 si
588 1143 686 1225 legio,
708 1141 878 1203 industriam
894 1147 942 1203 in-

251 1226 471 1305 nocentiamque
502 1222 757 1303 adprobavetant‚
791 1226 940 1287 retinebat

254 1306 384 1367 ordinem
409 1328 415 1361 :
444 1305 494 1363 ubi
514 1308 687 1375 avaritiam,
713 1324 764 1364 aut
785 1305 942 1367 crudelita-

254 1406 311 1447 tenr
342 1408 478 1447 consensu
502 1385 744 1465 objectavissent,
770 1386 942 1455 solvebatur

253 1468 367 1527 militia.

169 1557 172 1561 '
294 1550 388 1610 XLV.
400 1548 446 1609 Sic
466 1550 631 1628 compositis
644 1549 845 1627 praesentibus,
857 1546 940 1611 hand

254 1632 349 1689 minor
360 1630 449 1698 moles
459 1648 615 1709 supererat,
628 1630 667 1688 ob
679 1628 817 1690 ferociam
829 1634 941 1710 quinte

255 1720 283 1771 δε
305 1711 510 1771 unetvicesimae
534 1710 702 1792 legionum»,
724 1715 941 1793 sexagesimum

255 1790 339 1870 apud·
355 1789 479 1871 lapidem
503 1790 591 1861 (loco
617 1792 720 1853 Vetera
739 1812 848 1853 nomen
870 1793 939 1869 est)

256 1868 467 1933 hibernentium
479 1894 485 1927 ε
499 1893 567 1931 nam
578 1875 662 1951 primi
674 1873 848 1934 seditionem
858 1881 942 1955 coepss

257 1972 384 2015 taverant
417 1977 424 2011 t
453 1955 660 2013 atrocissimum
692 1955 826 2035 quodque
858 1955 939 2016 faci-

256 2057 308 2095 nus
326 2032 427 2095 horum
446 2034 578 2095 manibus
593 2056 737 2114 patratum
754 2060 762 2093 ε
779 2058 832 2095 nec
852 2038 943 2117 prend

258 2118 489 2177 commilitonum
517 2118 664 2185 exterriti,
689 2139 741 2176 nec
768 2119 942 2195 poenitenti&

259 2200 409 2265 conversi,
434 2198 488 2256 iras
522 2198 690 2257 retinebant.
719 2198 811 2280 Igitur
841 2200 943 2261 Caesar
1033 2226 1035 2277 ς

258 2298 353 2349 arma,
379 2279 516 2347 classem,
541 2279 633 2337 socios
657 2278 805 2339 demittere
831 2278 942 2342 Rheno
1033 2280 1035 2297 '

258 2379 356 2438 parat,
372 2360 395 2417 si
414 2359 563 2437 imperium
581 2357 765 2431 detrectetur,
783 2360 862 2421 bello
882 2384 943 2423 cer·
1033 2408 1035 2427 ἦ

214 2466 220 2485 s
260 2458 375 2500 taturus.
937 2489 941 2496 .
1033 2500 1035 2509 ,

300 2518 463 2600 XLVLAt
477 2520 577 2581 Roma·
589 2522 718 2583 nondum
732 2526 871 2606 cognito,
887 2528 944 2606 qui
1033 2534 1035 2569 ³

259 2602 358 2665 fuisset
387 2604 477 2664 exitus
504 2605 536 2661 in
561 2603 675 2684 Illyrico
693 2651 704 2673 ,
732 2614 760 2664 &
787 2606 943 2687 legionum
1033 2644 1035 2671 ι

261 2685 495 2745 Germanicarum
504 2704 587 2744 motu
596 2685 712 2755 audim‘,
720 2686 828 2765 trepida
836 2688 943 2749 civitas

261 2766 386 2858 incusare
407 2764 574 2851 Tiberium,
599 2767 885 2844 9⁸5d2d1‘m1'a‘s‘s
913 2766 943 2831 ἃ
