<?xml version="1.0" encoding="UTF-8"?>
<!DOCTYPE html PUBLIC "-//W3C//DTD XHTML 1.0 Transitional//EN"
    "http://www.w3.org/TR/xhtml1/DTD/xhtml1-transitional.dtd">
<html xmlns="http://www.w3.org/1999/xhtml" xml:lang="en" lang="en">
 <head>
  <title>
</title>
<meta http-equiv="Content-Type" content="text/html;charset=utf-8" />
  <meta name='ocr-system' content='tesseract 3.04.00' />
  <meta name='ocr-capabilities' content='ocr_page ocr_carea ocr_par ocr_line ocrx_word'/>
</head>
<body>
  <div class='ocr_page' id='page_1' title='image "./ccorneliitaciti02lallgoog_0242.png"; bbox 0 0 2075 3659; ppageno 0'>
   <div class='ocr_carea' id='block_1_1' title="bbox 240 266 803 342">
    <p class='ocr_par' dir='ltr' id='par_1_1' title="bbox 240 266 803 342">
     <span class='ocr_line' id='line_1_1' title="bbox 240 266 803 342; baseline -0.016 -1"><span class='ocrx_word' id='word_1_1' title='bbox 240 294 309 341; x_wconf 86' lang='lat'>210</span> <span class='ocrx_word' id='word_1_2' title='bbox 363 271 400 342; x_wconf 86' lang='lat' dir='ltr'>C.</span> <span class='ocrx_word' id='word_1_3' title='bbox 429 269 574 339; x_wconf 76' lang='lat' dir='ltr'>Coun,</span> <span class='ocrx_word' id='word_1_4' title='bbox 605 266 803 336; x_wconf 67' lang='lat' dir='ltr'>Tacina</span> 
     </span>
    </p>
   </div>
   <div class='ocr_carea' id='block_1_2' title="bbox 243 387 925 795">
    <p class='ocr_par' dir='ltr' id='par_1_2' title="bbox 243 387 925 795">
     <span class='ocr_line' id='line_1_2' title="bbox 281 387 917 473; baseline -0.011 -20"><span class='ocrx_word' id='word_1_5' title='bbox 281 390 363 453; x_wconf 89' lang='lat' dir='ltr'><strong>VI.·</strong></span> <span class='ocrx_word' id='word_1_6' title='bbox 383 390 553 473; x_wconf 74' lang='lat' dir='ltr'><strong>Congruens</strong></span> <span class='ocrx_word' id='word_1_7' title='bbox 582 387 750 448; x_wconf 81' lang='lat' dir='ltr'>crediderim</span> <span class='ocrx_word' id='word_1_8' title='bbox 783 406 917 447; x_wconf 79' lang='lat' dir='ltr'>recensere</span> 
     </span>
     <span class='ocr_line' id='line_1_3' title="bbox 243 468 919 553; baseline -0.009 -20"><span class='ocrx_word' id='word_1_9' title='bbox 243 493 347 535; x_wconf 83' lang='lat' dir='ltr'>ceteras</span> <span class='ocrx_word' id='word_1_10' title='bbox 364 493 478 553; x_wconf 88' lang='lat' dir='ltr'>quoque</span> <span class='ocrx_word' id='word_1_11' title='bbox 492 470 601 552; x_wconf 84' lang='lat' dir='ltr'>reipub.</span> <span class='ocrx_word' id='word_1_12' title='bbox 613 490 724 551; x_wconf 78' lang='lat' dir='ltr'>partes,</span> <span class='ocrx_word' id='word_1_13' title='bbox 737 468 849 549; x_wconf 85' lang='lat' dir='ltr'>quibus</span> <span class='ocrx_word' id='word_1_14' title='bbox 860 490 919 527; x_wconf 85' lang='lat' dir='ltr'>nro·</span> 
     </span>
     <span class='ocr_line' id='line_1_4' title="bbox 244 550 919 649; baseline -0.007 -35"><span class='ocrx_word' id='word_1_15' title='bbox 244 555 286 615; x_wconf 92' lang='lat' dir='ltr'>dis</span> <span class='ocrx_word' id='word_1_16' title='bbox 312 554 349 614; x_wconf 85' lang='lat' dir='ltr'>ad</span> <span class='ocrx_word' id='word_1_17' title='bbox 371 574 434 613; x_wconf 84' lang='lat' dir='ltr'>eum</span> <span class='ocrx_word' id='word_1_18' title='bbox 462 552 541 613; x_wconf 81' lang='lat' dir='ltr'>diem</span> <span class='ocrx_word' id='word_1_19' title='bbox 561 550 665 612; x_wconf 81' lang='lat' dir='ltr'>habitae</span> <span class='ocrx_word' id='word_1_20' title='bbox 687 553 746 611; x_wconf 83' lang='lat' dir='ltr'>sint</span> <span class='ocrx_word' id='word_1_21' title='bbox 772 573 780 607; x_wconf 76' lang='lat' dir='ltr'>t</span> <span class='ocrx_word' id='word_1_22' title='bbox 809 550 919 649; x_wconf 81' lang='lat' dir='ltr'>quande</span> 
     </span>
     <span class='ocr_line' id='line_1_5' title="bbox 243 632 920 712; baseline -0.004 -17"><span class='ocrx_word' id='word_1_23' title='bbox 243 636 362 697; x_wconf 85' lang='lat' dir='ltr'>Tiberio</span> <span class='ocrx_word' id='word_1_24' title='bbox 375 637 479 697; x_wconf 87' lang='lat' dir='ltr'>murati</span> <span class='ocrx_word' id='word_1_25' title='bbox 494 636 525 693; x_wconf 89' lang='lat' dir='ltr'>in</span> <span class='ocrx_word' id='word_1_26' title='bbox 542 632 661 694; x_wconf 88' lang='lat' dir='ltr'>deterius</span> <span class='ocrx_word' id='word_1_27' title='bbox 673 634 854 712; x_wconf 83' lang='lat' dir='ltr'>principatus</span> <span class='ocrx_word' id='word_1_28' title='bbox 868 634 920 692; x_wconf 89' lang='lat' dir='ltr'>ini·</span> 
     </span>
     <span class='ocr_line' id='line_1_6' title="bbox 246 712 925 795; baseline -0.012 -16"><span class='ocrx_word' id='word_1_29' title='bbox 246 720 319 779; x_wconf 87' lang='lat' dir='ltr'>tium</span> <span class='ocrx_word' id='word_1_30' title='bbox 336 718 382 779; x_wconf 89' lang='lat' dir='ltr'>ille</span> <span class='ocrx_word' id='word_1_31' title='bbox 408 738 497 777; x_wconf 88' lang='lat' dir='ltr'>annus</span> <span class='ocrx_word' id='word_1_32' title='bbox 514 717 620 777; x_wconf 88' lang='lat' dir='ltr'>attulit.</span> <span class='ocrx_word' id='word_1_33' title='bbox 641 715 706 775; x_wconf 84' lang='lat' dir='ltr'>lam</span> <span class='ocrx_word' id='word_1_34' title='bbox 726 712 859 795; x_wconf 75' lang='lat' dir='ltr'>prinnini</span> <span class='ocrx_word' id='word_1_35' title='bbox 879 736 925 794; x_wconf 81' lang='lat' dir='ltr'>pu·</span> 
     </span>
    </p>
   </div>
   <div class='ocr_carea' id='block_1_3' title="bbox 197 799 934 1617">
    <p class='ocr_par' dir='ltr' id='par_1_3' title="bbox 197 799 934 1617">
     <span class='ocr_line' id='line_1_7' title="bbox 247 799 925 883; baseline -0.004 -24"><span class='ocrx_word' id='word_1_36' title='bbox 247 799 322 859; x_wconf 89' lang='lat' dir='ltr'>blica</span> <span class='ocrx_word' id='word_1_37' title='bbox 346 800 488 883; x_wconf 80' lang='lat' dir='ltr'>negotia,</span> <span class='ocrx_word' id='word_1_38' title='bbox 515 807 544 859; x_wconf 75' lang='grc' dir='ltr'>δι</span> <span class='ocrx_word' id='word_1_39' title='bbox 571 799 745 878; x_wconf 83' lang='lat' dir='ltr'>privatorum</span> <span class='ocrx_word' id='word_1_40' title='bbox 778 816 925 866; x_wconf 76' lang='lat' dir='ltr'>maxima,</span> 
     </span>
     <span class='ocr_line' id='line_1_8' title="bbox 246 877 925 962; baseline -0.006 -21"><span class='ocrx_word' id='word_1_41' title='bbox 246 881 321 962; x_wconf 87' lang='lat' dir='ltr'>apud</span> <span class='ocrx_word' id='word_1_42' title='bbox 337 902 427 961; x_wconf 86' lang='lat' dir='ltr'>patres</span> <span class='ocrx_word' id='word_1_43' title='bbox 444 880 656 939; x_wconf 78' lang='lat' dir='ltr'>trad&#39;rabantur:</span> <span class='ocrx_word' id='word_1_44' title='bbox 673 877 859 959; x_wconf 82' lang='lat' dir='ltr'>dabaturque</span> <span class='ocrx_word' id='word_1_45' title='bbox 871 880 925 958; x_wconf 91' lang='lat' dir='ltr'>pri-</span> 
     </span>
     <span class='ocr_line' id='line_1_9' title="bbox 247 958 927 1039; baseline -0.012 -13"><span class='ocrx_word' id='word_1_46' title='bbox 247 962 374 1026; x_wconf 85' lang='lat' dir='ltr'>moribus</span> <span class='ocrx_word' id='word_1_47' title='bbox 394 962 523 1021; x_wconf 78' lang='lat' dir='ltr'>disserere</span> <span class='ocrx_word' id='word_1_48' title='bbox 536 984 555 1032; x_wconf 83' lang='lat'>3·</span> <span class='ocrx_word' id='word_1_49' title='bbox 565 970 594 1021; x_wconf 75' lang='lat' dir='ltr'>dt</span> <span class='ocrx_word' id='word_1_50' title='bbox 610 958 641 1020; x_wconf 83' lang='lat' dir='ltr'>in</span> <span class='ocrx_word' id='word_1_51' title='bbox 650 959 861 1020; x_wconf 81' lang='lat' dir='ltr'>¹adulationem</span> <span class='ocrx_word' id='word_1_52' title='bbox 873 960 927 1039; x_wconf 83' lang='lat' dir='ltr'>lap</span> 
     </span>
     <span class='ocr_line' id='line_1_10' title="bbox 246 1038 925 1123; baseline -0.009 -19"><span class='ocrx_word' id='word_1_53' title='bbox 246 1065 314 1115; x_wconf 82' lang='lat' dir='ltr'>sos,</span> <span class='ocrx_word' id='word_1_54' title='bbox 337 1041 491 1103; x_wconf 86' lang='lat' dir='ltr'>cohibebat</span> <span class='ocrx_word' id='word_1_55' title='bbox 513 1046 572 1123; x_wconf 90' lang='lat' dir='ltr'>ipse</span> <span class='ocrx_word' id='word_1_56' title='bbox 594 1065 602 1099; x_wconf 74' lang='grc' dir='ltr'><strong><em>ε</em></strong></span> <span class='ocrx_word' id='word_1_57' title='bbox 627 1041 851 1122; x_wconf 82' lang='lat' dir='ltr'>mandabatque</span> <span class='ocrx_word' id='word_1_58' title='bbox 874 1038 925 1099; x_wconf 86' lang='lat' dir='ltr'>bo·</span> 
     </span>
     <span class='ocr_line' id='line_1_11' title="bbox 248 1124 929 1203; baseline -0.003 -18"><span class='ocrx_word' id='word_1_59' title='bbox 248 1146 330 1185; x_wconf 89' lang='lat' dir='ltr'>nores</span> <span class='ocrx_word' id='word_1_60' title='bbox 340 1170 349 1196; x_wconf 90' lang='lat'><strong><em>,</em></strong></span> <span class='ocrx_word' id='word_1_61' title='bbox 361 1124 544 1187; x_wconf 83' lang='lat' dir='ltr'>nobilitatem</span> <span class='ocrx_word' id='word_1_62' title='bbox 555 1129 715 1203; x_wconf 81' lang='lat' dir='ltr'>majorum,</span> <span class='ocrx_word' id='word_1_63' title='bbox 729 1124 929 1184; x_wconf 83' lang='lat' dir='ltr'>claritudinem</span> 
     </span>
     <span class='ocr_line' id='line_1_12' title="bbox 248 1204 930 1285; baseline -0.006 -18"><span class='ocrx_word' id='word_1_64' title='bbox 248 1208 377 1277; x_wconf 81' lang='lat' dir='ltr'>militiae,</span> <span class='ocrx_word' id='word_1_65' title='bbox 397 1204 523 1267; x_wconf 84' lang='lat' dir='ltr'>inlustres</span> <span class='ocrx_word' id='word_1_66' title='bbox 542 1206 623 1265; x_wconf 89' lang='lat' dir='ltr'>dorni</span> <span class='ocrx_word' id='word_1_67' title='bbox 644 1226 720 1265; x_wconf 81' lang='lat' dir='ltr'>artes</span> <span class='ocrx_word' id='word_1_68' title='bbox 739 1204 901 1285; x_wconf 71' lang='lat' dir='ltr'>spedlando</span> <span class='ocrx_word' id='word_1_69' title='bbox 922 1227 930 1263; x_wconf 78' lang='lat' dir='ltr'>s</span> 
     </span>
     <span class='ocr_line' id='line_1_13' title="bbox 197 1286 932 1367; baseline -0.004 -20"><span class='ocrx_word' id='word_1_70' title='bbox 197 1358 200 1362; x_wconf 24' lang='lat'><strong><em>¹</em></strong></span> <span class='ocrx_word' id='word_1_71' title='bbox 249 1309 283 1349; x_wconf 90' lang='lat' dir='ltr'>ut</span> <span class='ocrx_word' id='word_1_72' title='bbox 295 1290 361 1349; x_wconf 76' lang='lat' dir='ltr'>satis</span> <span class='ocrx_word' id='word_1_73' title='bbox 374 1286 527 1360; x_wconf 85' lang='lat' dir='ltr'>constaret,</span> <span class='ocrx_word' id='word_1_74' title='bbox 539 1310 599 1347; x_wconf 88' lang='lat' dir='ltr'>non</span> <span class='ocrx_word' id='word_1_75' title='bbox 609 1288 680 1347; x_wconf 88' lang='lat' dir='ltr'>alios</span> <span class='ocrx_word' id='word_1_76' title='bbox 690 1288 822 1367; x_wconf 74' lang='lat' dir='ltr'>pedores</span> <span class='ocrx_word' id='word_1_77' title='bbox 833 1286 932 1347; x_wconf 79' lang='lat' dir='ltr'>finisse:</span> 
     </span>
     <span class='ocr_line' id='line_1_14' title="bbox 250 1368 933 1450; baseline -0.009 -19"><span class='ocrx_word' id='word_1_78' title='bbox 250 1392 299 1445; x_wconf 75' lang='lat' dir='ltr'>sua</span> <span class='ocrx_word' id='word_1_79' title='bbox 328 1370 511 1441; x_wconf 80' lang='lat' dir='ltr'>consulibus,</span> <span class='ocrx_word' id='word_1_80' title='bbox 533 1391 582 1430; x_wconf 83' lang='lat' dir='ltr'>sua</span> <span class='ocrx_word' id='word_1_81' title='bbox 610 1368 775 1450; x_wconf 72' lang='lat' dir='ltr'>praetoribus</span> <span class='ocrx_word' id='word_1_82' title='bbox 798 1371 933 1449; x_wconf 81' lang='lat' dir='ltr'>species:</span> 
     </span>
     <span class='ocr_line' id='line_1_15' title="bbox 251 1449 934 1534; baseline -0.004 -23"><span class='ocrx_word' id='word_1_83' title='bbox 251 1454 395 1513; x_wconf 85' lang='lat' dir='ltr'>minorum</span> <span class='ocrx_word' id='word_1_84' title='bbox 425 1472 540 1533; x_wconf 90' lang='lat' dir='ltr'>quoque</span> <span class='ocrx_word' id='word_1_85' title='bbox 567 1449 787 1534; x_wconf 81' lang='lat' dir='ltr'>magistratuum</span> <span class='ocrx_word' id='word_1_86' title='bbox 813 1452 934 1510; x_wconf 85' lang='lat' dir='ltr'>exercita</span> 
     </span>
     <span class='ocr_line' id='line_1_16' title="bbox 251 1530 934 1617; baseline -0.003 -24"><span class='ocrx_word' id='word_1_87' title='bbox 251 1530 373 1614; x_wconf 87' lang='lat' dir='ltr'>potestas</span> <span class='ocrx_word' id='word_1_88' title='bbox 385 1556 394 1605; x_wconf 80' lang='lat'>3</span> <span class='ocrx_word' id='word_1_89' title='bbox 416 1534 568 1617; x_wconf 82' lang='lat' dir='ltr'>legesque,</span> <span class='ocrx_word' id='word_1_90' title='bbox 592 1534 616 1593; x_wconf 88' lang='lat' dir='ltr'>si</span> <span class='ocrx_word' id='word_1_91' title='bbox 637 1530 794 1613; x_wconf 88' lang='lat' dir='ltr'>majestatis</span> <span class='ocrx_word' id='word_1_92' title='bbox 820 1530 934 1613; x_wconf 67' lang='lat' dir='ltr'>questio</span> 
     </span>
    </p>
   </div>
   <div class='ocr_carea' id='block_1_4' title="bbox 253 1612 1026 1686">
    <p class='ocr_par' dir='ltr' id='par_1_4' title="bbox 253 1612 1026 1686">
     <span class='ocr_line' id='line_1_17' title="bbox 253 1612 1026 1686; baseline 0.006 -13"><span class='ocrx_word' id='word_1_93' title='bbox 253 1634 438 1686; x_wconf 76' lang='lat' dir='ltr'>eximeretur,</span> <span class='ocrx_word' id='word_1_94' title='bbox 463 1614 542 1674; x_wconf 86' lang='lat' dir='ltr'>bono</span> <span class='ocrx_word' id='word_1_95' title='bbox 564 1617 595 1675; x_wconf 91' lang='lat' dir='ltr'>in</span> <span class='ocrx_word' id='word_1_96' title='bbox 618 1636 676 1674; x_wconf 82' lang='lat' dir='ltr'>usu.</span> <span class='ocrx_word' id='word_1_97' title='bbox 703 1615 745 1675; x_wconf 78' lang='lat' dir='ltr'>At</span> <span class='ocrx_word' id='word_1_98' title='bbox 767 1612 933 1685; x_wconf 83' lang='lat' dir='ltr'>frumenta,</span> <span class='ocrx_word' id='word_1_99' title='bbox 1025 1613 1026 1642; x_wconf 28' lang='lat' dir='ltr'>l</span> 
     </span>
    </p>
   </div>
   <div class='ocr_carea' id='block_1_5' title="bbox 253 1697 1010 1779">
    <p class='ocr_par' dir='ltr' id='par_1_5' title="bbox 253 1697 1010 1779">
     <span class='ocr_line' id='line_1_18' title="bbox 253 1697 1010 1779; baseline -0.003 -20"><span class='ocrx_word' id='word_1_100' title='bbox 253 1705 281 1759; x_wconf 87' lang='lat'>&amp;</span> <span class='ocrx_word' id='word_1_101' title='bbox 304 1698 426 1775; x_wconf 80' lang='lat' dir='ltr'>pecuniae</span> <span class='ocrx_word' id='word_1_102' title='bbox 447 1697 621 1779; x_wconf 72' lang='lat' dir='ltr'>ved&#39;tigales‚</span> <span class='ocrx_word' id='word_1_103' title='bbox 640 1716 731 1757; x_wconf 82' lang='lat' dir='ltr'>cetera</span> <span class='ocrx_word' id='word_1_104' title='bbox 751 1697 934 1776; x_wconf 83' lang='lat' dir='ltr'>publicorum</span> <span class='ocrx_word' id='word_1_105' title='bbox 1006 1753 1010 1757; x_wconf 90' lang='lat'>.</span> 
     </span>
    </p>
   </div>
   <div class='ocr_carea' id='block_1_6' title="bbox 253 1777 1026 1860">
    <p class='ocr_par' dir='ltr' id='par_1_6' title="bbox 253 1777 1026 1860">
     <span class='ocr_line' id='line_1_19' title="bbox 253 1777 1026 1860; baseline -0.008 -22"><span class='ocrx_word' id='word_1_106' title='bbox 253 1777 415 1849; x_wconf 69' lang='lat' dir='ltr'>fructuum,</span> <span class='ocrx_word' id='word_1_107' title='bbox 436 1778 619 1839; x_wconf 85' lang='lat' dir='ltr'>sotietatibus</span> <span class='ocrx_word' id='word_1_108' title='bbox 637 1779 766 1860; x_wconf 88' lang='lat' dir='ltr'>equitum</span> <span class='ocrx_word' id='word_1_109' title='bbox 782 1778 937 1838; x_wconf 84' lang='lat' dir='ltr'>Romanu·</span> <span class='ocrx_word' id='word_1_110' title='bbox 1024 1817 1026 1832; x_wconf 86' lang='lat'><em>.</em></span> 
     </span>
    </p>
   </div>
   <div class='ocr_carea' id='block_1_7' title="bbox 243 1860 1032 2842">
    <p class='ocr_par' dir='ltr' id='par_1_7' title="bbox 243 1860 1032 2842">
     <span class='ocr_line' id='line_1_20' title="bbox 255 1860 938 1944; baseline -0.003 -23"><span class='ocrx_word' id='word_1_111' title='bbox 255 1880 317 1921; x_wconf 80' lang='lat' dir='ltr'>rum</span> <span class='ocrx_word' id='word_1_112' title='bbox 335 1860 525 1944; x_wconf 84' lang='lat' dir='ltr'>agitabantur.</span> <span class='ocrx_word' id='word_1_113' title='bbox 545 1861 602 1920; x_wconf 87' lang='lat' dir='ltr'>Res</span> <span class='ocrx_word' id='word_1_114' title='bbox 619 1877 681 1919; x_wconf 82' lang='lat' dir='ltr'>snas</span> <span class='ocrx_word' id='word_1_115' title='bbox 704 1860 803 1921; x_wconf 87' lang='lat' dir='ltr'>Caesar</span> <span class='ocrx_word' id='word_1_116' title='bbox 829 1863 938 1940; x_wconf 74' lang='lat' dir='ltr'>specla-</span> 
     </span>
     <span class='ocr_line' id='line_1_21' title="bbox 254 1941 936 2024; baseline 0 -23"><span class='ocrx_word' id='word_1_117' title='bbox 254 1944 367 2003; x_wconf 73' lang='lat' dir='ltr'>sissimo</span> <span class='ocrx_word' id='word_1_118' title='bbox 377 1944 495 2024; x_wconf 87' lang='lat' dir='ltr'>cuique,</span> <span class='ocrx_word' id='word_1_119' title='bbox 508 1941 678 2023; x_wconf 87' lang='lat' dir='ltr'>quibusdam</span> <span class='ocrx_word' id='word_1_120' title='bbox 689 1942 797 2024; x_wconf 87' lang='lat' dir='ltr'>ignotis</span> <span class='ocrx_word' id='word_1_121' title='bbox 811 1963 847 2001; x_wconf 86' lang='lat' dir='ltr'>ex</span> <span class='ocrx_word' id='word_1_122' title='bbox 858 1941 936 2001; x_wconf 85' lang='lat' dir='ltr'>fama</span> 
     </span>
     <span class='ocr_line' id='line_1_22' title="bbox 255 2023 934 2105; baseline -0.004 -19"><span class='ocrx_word' id='word_1_123' title='bbox 255 2024 432 2094; x_wconf 60' lang='lat' dir='ltr'>mandabam</span> <span class='ocrx_word' id='word_1_124' title='bbox 459 2024 601 2105; x_wconf 85' lang='lat' dir='ltr'>semelque</span> <span class='ocrx_word' id='word_1_125' title='bbox 622 2023 765 2103; x_wconf 85' lang='lat' dir='ltr'>adsumpti</span> <span class='ocrx_word' id='word_1_126' title='bbox 790 2024 934 2083; x_wconf 80' lang='lat' dir='ltr'>teneban-</span> 
     </span>
     <span class='ocr_line' id='line_1_23' title="bbox 257 2105 936 2186; baseline 0 -23"><span class='ocrx_word' id='word_1_127' title='bbox 257 2124 322 2174; x_wconf 88' lang='lat' dir='ltr'>tur,</span> <span class='ocrx_word' id='word_1_128' title='bbox 344 2128 452 2186; x_wconf 84' lang='lat' dir='ltr'>prorsus</span> <span class='ocrx_word' id='word_1_129' title='bbox 476 2109 536 2165; x_wconf 85' lang='lat' dir='ltr'>sine</span> <span class='ocrx_word' id='word_1_130' title='bbox 556 2105 665 2175; x_wconf 89' lang='lat' dir='ltr'>modo,</span> <span class='ocrx_word' id='word_1_131' title='bbox 681 2119 782 2185; x_wconf 85' lang='lat' dir='ltr'>&#39;quum</span> <span class='ocrx_word' id='word_1_132' title='bbox 808 2106 936 2185; x_wconf 84' lang='lat' dir='ltr'>plerique</span> 
     </span>
     <span class='ocr_line' id='line_1_24' title="bbox 255 2186 937 2269; baseline 0.003 -26"><span class='ocrx_word' id='word_1_133' title='bbox 255 2186 356 2245; x_wconf 87' lang='lat' dir='ltr'>iisdem</span> <span class='ocrx_word' id='word_1_134' title='bbox 373 2188 498 2269; x_wconf 65' lang='lat' dir='ltr'>,negotiis</span> <span class='ocrx_word' id='word_1_135' title='bbox 524 2188 735 2247; x_wconf 83' lang='lat' dir='ltr'>insenescerent.</span> <span class='ocrx_word' id='word_1_136' title='bbox 758 2186 861 2247; x_wconf 89' lang='lat' dir='ltr'>Plebes</span> <span class='ocrx_word' id='word_1_137' title='bbox 880 2187 937 2245; x_wconf 87' lang='lat' dir='ltr'>acri</span> 
     </span>
     <span class='ocr_line' id='line_1_25' title="bbox 256 2266 1029 2352; baseline 0.005 -27"><span class='ocrx_word' id='word_1_138' title='bbox 256 2266 373 2345; x_wconf 88' lang='lat' dir='ltr'>quidem</span> <span class='ocrx_word' id='word_1_139' title='bbox 395 2266 509 2328; x_wconf 66' lang='lat' dir='ltr'>annoni</span> <span class='ocrx_word' id='word_1_140' title='bbox 530 2268 730 2352; x_wconf 84' lang='lat' dir='ltr'>fatigabatur:</span> <span class='ocrx_word' id='word_1_141' title='bbox 747 2267 796 2326; x_wconf 86' lang='lat' dir='ltr'>sed</span> <span class='ocrx_word' id='word_1_142' title='bbox 815 2269 894 2327; x_wconf 83' lang='lat' dir='ltr'>nulla</span> <span class='ocrx_word' id='word_1_143' title='bbox 906 2269 937 2329; x_wconf 89' lang='lat' dir='ltr'>in</span> <span class='ocrx_word' id='word_1_144' title='bbox 1027 2273 1029 2314; x_wconf 52' lang='grc' dir='ltr'><em>Ὗ</em></span> 
     </span>
     <span class='ocr_line' id='line_1_26' title="bbox 258 2347 937 2431; baseline 0.006 -26"><span class='ocrx_word' id='word_1_145' title='bbox 258 2367 293 2405; x_wconf 90' lang='lat' dir='ltr'>eo</span> <span class='ocrx_word' id='word_1_146' title='bbox 318 2349 399 2427; x_wconf 86' lang='lat' dir='ltr'>culpa</span> <span class='ocrx_word' id='word_1_147' title='bbox 421 2368 454 2407; x_wconf 85' lang='lat' dir='ltr'>ex</span> <span class='ocrx_word' id='word_1_148' title='bbox 472 2351 596 2429; x_wconf 85' lang='lat' dir='ltr'>principe</span> <span class='ocrx_word' id='word_1_149' title='bbox 615 2374 622 2406; x_wconf 71' lang='grc' dir='ltr'><strong><em>ι</em></strong></span> <span class='ocrx_word' id='word_1_150' title='bbox 644 2350 714 2431; x_wconf 86' lang='lat' dir='ltr'>quin</span> <span class='ocrx_word' id='word_1_151' title='bbox 734 2347 937 2409; x_wconf 86' lang='lat' dir='ltr'>infecunditati</span> 
     </span>
     <span class='ocr_line' id='line_1_27' title="bbox 260 2430 938 2510; baseline 0.003 -21"><span class='ocrx_word' id='word_1_152' title='bbox 260 2448 416 2500; x_wconf 87' lang='lat' dir='ltr'>terrarum,</span> <span class='ocrx_word' id='word_1_153' title='bbox 444 2450 495 2490; x_wconf 89' lang='lat' dir='ltr'>aut</span> <span class='ocrx_word' id='word_1_154' title='bbox 515 2435 616 2510; x_wconf 87' lang='lat' dir='ltr'>asperis</span> <span class='ocrx_word' id='word_1_155' title='bbox 636 2431 721 2489; x_wconf 86' lang='lat' dir='ltr'>maris</span> <span class='ocrx_word' id='word_1_156' title='bbox 737 2430 857 2489; x_wconf 86' lang='lat' dir='ltr'>obviam</span> <span class='ocrx_word' id='word_1_157' title='bbox 879 2433 938 2500; x_wconf 85' lang='lat' dir='ltr'>iit,</span> 
     </span>
     <span class='ocr_line' id='line_1_28' title="bbox 258 2509 937 2595; baseline -0.001 -24"><span class='ocrx_word' id='word_1_158' title='bbox 258 2532 400 2592; x_wconf 86' lang='lat' dir='ltr'>quantum</span> <span class='ocrx_word' id='word_1_159' title='bbox 419 2511 592 2595; x_wconf 88' lang='lat' dir='ltr'>impendio,</span> <span class='ocrx_word' id='word_1_160' title='bbox 614 2509 821 2592; x_wconf 68' lang='lat' dir='ltr'>diligentiaque</span> <span class='ocrx_word' id='word_1_161' title='bbox 848 2533 937 2592; x_wconf 80' lang='lat' dir='ltr'>pote-</span> 
     </span>
     <span class='ocr_line' id='line_1_29' title="bbox 258 2593 939 2673; baseline 0.004 -22"><span class='ocrx_word' id='word_1_162' title='bbox 258 2612 310 2653; x_wconf 87' lang='lat' dir='ltr'>rat.</span> <span class='ocrx_word' id='word_1_163' title='bbox 335 2594 373 2654; x_wconf 88' lang='lat' dir='ltr'>Et</span> <span class='ocrx_word' id='word_1_164' title='bbox 391 2614 427 2653; x_wconf 86' lang='lat' dir='ltr'>ne</span> <span class='ocrx_word' id='word_1_165' title='bbox 447 2595 597 2673; x_wconf 84' lang='lat' dir='ltr'>provinciae</span> <span class='ocrx_word' id='word_1_166' title='bbox 616 2595 697 2655; x_wconf 76' lang='lat' dir='ltr'>novis</span> <span class='ocrx_word' id='word_1_167' title='bbox 716 2593 851 2653; x_wconf 85' lang='lat' dir='ltr'>oneribus</span> <span class='ocrx_word' id='word_1_168' title='bbox 874 2614 939 2654; x_wconf 78' lang='lat' dir='ltr'>tur-</span> 
     </span>
     <span class='ocr_line' id='line_1_30' title="bbox 243 2674 942 2756; baseline 0.006 -23"><span class='ocrx_word' id='word_1_169' title='bbox 243 2674 411 2747; x_wconf 85' lang='lat' dir='ltr'>·barentur,</span> <span class='ocrx_word' id='word_1_170' title='bbox 430 2695 515 2756; x_wconf 88' lang='lat' dir='ltr'>utque</span> <span class='ocrx_word' id='word_1_171' title='bbox 534 2677 648 2746; x_wconf 78' lang='lat' dir='ltr'>vetera,</span> <span class='ocrx_word' id='word_1_172' title='bbox 668 2676 729 2735; x_wconf 89' lang='lat' dir='ltr'>sine</span> <span class='ocrx_word' id='word_1_173' title='bbox 747 2677 868 2734; x_wconf 88' lang='lat' dir='ltr'>avaritia</span> <span class='ocrx_word' id='word_1_174' title='bbox 891 2694 942 2737; x_wconf 84' lang='lat' dir='ltr'>aut</span> 
     </span>
     <span class='ocr_line' id='line_1_31' title="bbox 259 2756 1032 2842; baseline 0.005 -25"><span class='ocrx_word' id='word_1_175' title='bbox 259 2756 423 2820; x_wconf 87' lang='lat' dir='ltr'>crudelitate</span> <span class='ocrx_word' id='word_1_176' title='bbox 459 2757 711 2842; x_wconf 86' lang='lat' dir='ltr'>magistratuum,</span> <span class='ocrx_word' id='word_1_177' title='bbox 753 2757 941 2828; x_wconf 85' lang='lat' dir='ltr'>tolerarent,</span> <span class='ocrx_word' id='word_1_178' title='bbox 1031 2800 1032 2829; x_wconf 26' lang='grc' dir='ltr'><strong>ἓ</strong></span> 
     </span>
    </p>
   </div>
   <div class='ocr_carea' id='block_1_8' title="bbox 0 0 1067 3659">
    <p class='ocr_par' dir='ltr' id='par_1_8' title="bbox 0 0 1067 3659">
     <span class='ocr_line' id='line_1_32' title="bbox 0 0 1067 3659; baseline 0 0"><span class='ocrx_word' id='word_1_179' title='bbox 0 0 1067 3659; x_wconf 95' lang='lat' dir='ltr'> </span> 
     </span>
    </p>
   </div>
  </div>
 </body>
</html>
