2075 3659
267 330 335 377 120
387 308 426 375 C.
455 309 595 376 Cora.
628 310 814 375 Tacrrr

263 450 281 487 a
300 428 401 487 Pisone
419 427 546 505 precibus
558 426 794 495 contumacibus,
810 425 948 489 discessu⁴

264 529 384 589 suntque
404 510 508 584 opertis
533 508 606 567 odiis
632 532 638 565 :
667 506 784 588 pbstque
811 528 890 567 rarus
916 513 948 570 in

264 590 398 649 tribunali
412 587 532 647 Caesaris
548 589 633 658 Pis03
648 598 675 647 &
689 592 712 648 si
725 588 842 671 quando
859 591 945 649 adsi-

263 670 363 739 deret,
388 688 494 738 attox,
516 690 549 727 ac
577 670 722 729 dissentire
745 669 913 730 manifestus
937 696 946 730 :

263 774 321 811 vox
340 772 455 832 quoque
478 756 536 829 ejus
559 750 654 809 audita
676 750 760 810 estin
784 754 944 825 convivio,

264 853 353 913 quum
380 831 455 910 apud
479 852 576 915 regem
600 832 813 891 Nabataeorum.
832 854 947 893 coronae

263 934 352 972 aurea
375 934 483 995 magno
504 911 628 992 pondere
648 912 755 973 Caesari
777 922 805 971 &
830 916 943 995 Agrip-

264 997 355 1072 pina,
374 993 449 1053 leves
468 994 566 1051 Pisoni
584 1003 612 1053 &
631 995 727 1053 ceteris
748 990 944 1054 offerrentur:

263 1074 408 1149 Principis
424 1074 566 1145 Romani,
588 1098 641 1132 nort
665 1075 767 1133 Parthi
786 1077 858 1154 regis
874 1078 944 1154 fih'o

264 1178 311 1214 eas
320 1157 414 1229 epulas
425 1156 508 1213 dari:
519 1155 678 1235 abJecitque
688 1157 771 1214 simul
788 1178 942 1227 coronam,

265 1245 294 1296 &
312 1236 402 1296 multa
419 1238 449 1294 in
467 1237 564 1294 luxum
585 1236 710 1307 addidit,
733 1258 795 1319 quae
817 1238 943 1297 Germa-

263 1320 331 1377 nico
344 1340 363 1387 ,·
387 1338 564 1400 quamquam
594 1318 719 1388 acerba,
748 1318 944 1380 tolerabantur

265 1419 371 1460 tamen.
821 1406 825 1413 '

304 1482 368 1541 LV
379 1481 392 1540 l
407 1481 420 1540 l
431 1480 454 1540 1.
476 1481 553 1539 Inter
567 1500 628 1561 qua
641 1480 678 1541 ab
691 1500 756 1563 rege
769 1478 942 1543 Parthorum

264 1562 413 1622 Artabano
440 1564 529 1645 legati
551 1582 650 1620 venere
673 1585 680 1619 :
702 1565 816 1622 miserat
839 1566 942 1621 amiei-

264 1646 333 1702 tiam
353 1668 385 1702 ac
398 1644 490 1720 foed1u
506 1662 730 1714 memoraturus,
749 1652 777 1703 &
791 1666 885 1717 cupere
905 1668 944 1705 re·

264 1726 364 1784 novari
376 1729 506 1792 dextras,
520 1727 695 1801 datummque
704 1724 802 1783 leonori
818 1726 940 1784 Germa·

264 1807 338 1874 uici,
357 1823 387 1863 ut
402 1806 491 1878 ripam
510 1804 663 1879 Euphratis
681 1808 815 1865 accederet
831 1826 943 1881 :petere

264 1887 396 1956 iuterim,
416 1908 450 1944 ue
474 1886 603 1945 Vonones
626 1888 656 1945 iu
673 1886 759 1967 Syn'a
777 1887 941 1959 haberetur,

265 1970 325 2026 neu‘
333 1988 455 2041 proceres
470 1969 592 2045 gentium
601 1970 762 2045 propinquis
781 1972 889 2028 nuntiis
907 1974 946 2029 aa

264 2051 418 2108 discordias
430 2048 558 2108 traheret.
571 2049 619 2108 Ad
632 2070 665 2107 ea
681 2049 887 2119 Germanicus,
907 2051 944 2109 cle

263 2132 398 2189 societate
413 2130 610 2189 Romanorum
631 2128 856 2211 Parthorumque
873 2152 941 2191 ma·
1034 2198 1035 2201 Ἴ

265 2210 394 2292 gnificb3
419 2211 455 2269 de
476 2211 600 2270 adventu
622 2214 695 2294 regis
719 2221 746 2271 &
774 2214 850 2272 cultu
877 2216 942 2285 sui,

265 2312 331 2349 cum
351 2292 451 2349 decore
471 2312 504 2350 ac
529 2290 666 2351 modestia
689 2292 842 2372 respondit.
869 2294 941 2353 Vo-
1034 2338 1035 2349 2

265 2393 353 2431 nones
378 2373 607 2452 Pompeiopolim
632 2374 745 2433 Ciliciae
763 2377 942 2437 maritimam

265 2454 365 2512 urbem
382 2474 494 2513 amotus
512 2452 552 2511 est
576 2478 583 2511 :
602 2454 701 2515 datum
720 2455 748 2514 id
767 2478 827 2515 non
848 2456 942 2517 modo

266 2535 393 2616 precibus
412 2534 570 2606 Artabani,
589 2535 637 2595 sed
657 2539 834 2596 contumelia
853 2539 940 2599 Piso-

266 2621 328 2689 nis,
346 2618 391 2677 cui
404 2620 576 2700 gratissimus
588 2636 663 2686 erat,
677 2616 717 2675 ob
735 2618 856 2699 plurima
870 2620 940 2679 offi-

267 2701 313 2757 cia
337 2708 365 2759 &
392 2698 488 2773 dona,
514 2698 617 2783 qttibus
641 2699 807 2764 Plancinam
834 2698 942 2761 devin-

250 2776 255 2786 ’
267 2800 352 2843 xerat.

843 2863 869 2922 L
881 2862 896 2923 l
906 2860 943 2923 X.
