2075 3659
186 320 445 396 Arruntium
470 328 555 397 lin.
582 328 632 396 II.
687 352 753 417 129

74 442 239 515 mirleficia‚
259 448 322 527 quis
335 444 455 506 creditur
470 452 580 509 animas
594 449 757 511 numinibus

75 526 195 587 infernis
203 530 318 587 sacrari:
330 528 415 586 simul
425 532 527 591 missia
537 532 639 590 Pisone
649 533 756 593 incusa-

75 609 197 680 bantur,
212 628 243 669 ut
255 609 423 669 valetudinis
438 610 552 673 adversa
565 614 708 673 rimantes.

116 690 212 750 LXX.
232 691 276 750 Ea
296 690 470 751 Germanico
491 691 567 753 haud
585 694 677 754 mimis
694 693 755 765 ira,

75 770 165 854 quim
185 790 234 852 per
252 791 361 832 metum
378 794 516 854 accepta3
531 776 559 833 si
576 776 660 835 limen
682 776 755 835 obsi·

75 858 207 923 deretur,
227 855 257 911 si
276 854 451 931 effundendus
470 857 587 931 spiritus
600 856 650 915 sub
669 859 757 917 oculis

36 969 42 983 »
75 936 254 994 inimicorum
270 936 347 1013 foret
357 957 371 1007 ,·
391 937 458 1013 quid
477 939 573 997 deinde
597 938 758 999 miserrime

76 1018 207 1098 conjugi,
219 1017 286 1092 quid
296 1017 449 1094 infantibus
464 1020 560 1077 libetis
571 1024 756 1079 eventurum?

78 1100 154 1157 lenta
174 1098 267 1158 videri
278 1099 413 1177 veneficia
430 1100 587 1181 nfeflinare
604 1096 755 1179 detergere,

76 1199 107 1237 ut
120 1180 314 1254 provinciam,
339 1198 369 1237 ut
388 1181 506 1259 legiones
529 1183 605 1240 solus
626 1182 755 1243 babeat:

79 1265 128 1320 sed
140 1284 196 1320 non
207 1283 288 1338 usque
297 1262 329 1319 td
342 1260 470 1339 deficiam
484 1262 678 1323 Germanicum
687 1311 699 1334 ,
713 1288 758 1327 nt·

78 1365 126 1419 que
137 1344 256 1418 premia
275 1344 354 1402 caedis
373 1346 446 1416 opud
465 1344 659 1422 interfetlorem
676 1368 756 1404 man·

79 1446 143 1483 sura
162 1452 174 1485 .·
193 1426 343 1504 componit
360 1422 508 1503 epistolas,
523 1426 584 1503 quis
603 1427 759 1485 amicitiant

78 1506 106 1565 ιί
133 1505 319 1566 renuntiabat.
346 1504 466 1564 Addunt
498 1507 622 1587 plerique
653 1511 758 1585 jussum

78 1589 228 1663 provincii
235 1590 355 1647 decedere
367 1607 438 1645 :nec
451 1586 518 1647 Piso
534 1608 659 1647 moratus
668 1586 759 1661 uitri,

83 1671 160 1729 navis
191 1670 277 1729 solvit
305 1691 316 1739 3
353 1667 607 1749 moderabaturque
643 1671 758 1740 cursui,

82 1748 140 1832 qud
166 1748 281 1832 propiris
304 1749 510 1831 regrederetur,
534 1752 558 1810 si
578 1771 654 1812 mors
680 1750 758 1812 Ger-

75 1834 187 1893 manici
204 1833 315 1913 Syriam
329 1833 487 1912 aperuisset.

120 1914 230 1974 LXXI.
251 1913 346 1974 Caesar
363 1914 509 1993 paullisper
525 1914 562 1974 ad
581 1934 659 1995 spem
683 1936 761 1975 erec-

85 2015 143 2067 tim,
162 1995 231 2056 dein
247 1994 320 2054 fesso
340 2014 474 2075 corpore,
496 1994 547 2053 ubi
563 1992 627 2054 finis
645 1994 761 2069 aderat,

31 2116 36 2129 ι
84 2076 245 2138 adsistentes
264 2077 371 2136 amicos
390 2077 421 2135 in
442 2072 516 2133 hunc
535 2074 654 2135 modum
673 2077 760 2137 adlo-

84 2160 175 2241 quitur
201 2182 208 2215 :
231 2157 268 2216 Si
277 2158 343 2236 fato
369 2158 557 2227 concederem,
572 2158 663 2238 justus
689 2158 764 2217 milri

84 2243 160 2300 dolor
172 2240 260 2300 etiam
278 2241 411 2299 adversus
433 2240 605 2333 deopsse'sset,
627 2239 700 2316 qudd
719 2264 764 2301 me

81 2322 255 2397 parentibus,
269 2320 384 2389 liberis,
395 2320 514 2393 patrio,
530 2320 604 2378 intra
611 2320 764 2402 juventam

81 2423 243 2478 promarum
257 2403 334 2461 exitu
350 2420 472 2475 raperent
488 2426 499 2460 .·
514 2422 586 2459 nunc
598 2403 696 2462 scelere
710 2404 764 2463 Pi-

87 2487 161 2544 sonis
179 2482 208 2545 Θ
221 2484 363 2544 Plancina
376 2484 538 2556 interceptus
548 2528 560 2552 ,
572 2482 688 2543 ultimas
697 2507 763 2559 pre-

78 2588 127 2626 ‘cts
142 2566 296 2641 putoribus
312 2564 407 2643 vestris
420 2564 561 2639 relinquo:
578 2564 702 2641 referatis
714 2588 767 2639 pe·
821 2588 822 2592 ¹

89 2650 123 2705 tri
135 2671 168 2707 ac
174 2648 287 2729 fratri,
303 2644 399 2721 quibus
416 2644 611 2703 acerbitatibus
627 2646 766 2709 dilacera-

90 2746 130 2787 tus
141 2776 152 2799 ,
165 2729 263 2806 quibus
278 2726 395 2785 insidiis
407 2726 605 2787 circumventus
614 2772 626 2795 ,
642 2727 768 2785 miserri-

83 2823 159 2870 ›mnt
168 2812 261 2874 uitam
270 2808 397 2885 pessimi
412 2827 496 2868 morte
504 2808 641 2948 finieripp.
651 2806 687 2865 Si
699 2830 767 2887 quon

643 2910 662 2951 u
