2075 3659
262 284 305 331 22
384 254 420 331 C.
450 263 598 332 Coun.
630 263 817 331 Tncttt

257 382 466 457 imperatoribus
483 382 612 457 priscis,
635 403 718 459 neque
738 383 814 456 ipsos
833 404 853 441 a
874 380 943 446 dios

256 462 376 544 Augusto
395 483 452 523 tom
469 486 542 525 novo
559 463 727 537 petivisse:
749 460 891 537 &parum
910 468 942 525 in
1018 509 1023 522 .

256 564 373 621 tempore
390 563 552 619 incipientes
563 567 702 618 principis
719 566 799 604 coros
816 549 941 610 onerari.

256 626 391 687 Sisenna
411 629 549 685 tenderent
569 626 599 683 in
617 644 819 699 pocetentore,
840 646 942 703 quone

255 710 384 771 civilium
404 708 511 785 quidem
533 706 661 766 bellorum
682 708 798 767 viliores
817 712 941 785 expostu-

256 792 377 851 laverint
387 813 400 863 ,·
410 812 458 848 cur
467 807 561 848 contra
572 809 671 847 morem
684 788 805 865 obsequii
817 834 829 858 ,
845 809 942 854 contro

249 873 300 949 fas
320 872 474 944 discipline
485 914 495 939 ,
514 870 575 930 vim
596 872 792 928 meditentur?
813 874 941 930 decerne·

256 971 315 1013 rent
335 954 460 1030 legatos,
479 972 557 1027 seque
572 972 662 1009 coram
679 949 811 1009 mandato
830 955 941 1013 darent.

255 1033 479 1102 Adclamavere,
498 1050 529 1089 ut
536 1031 618 1109 filius
638 1032 728 1091 Blaesi
748 1032 875 1092 tmbunus
898 1036 941 1093 led

252 1116 364 1193 gestione
384 1136 417 1172 ea
430 1114 616 1191 fungeretur,
632 1131 783 1190 peteretque
799 1114 941 1175 militibus

254 1196 415 1255 missionem
430 1194 614 1253 absconderim
634 1197 718 1257 annis
730 1219 740 1253 .·
753 1214 841 1255 cetero
856 1217 940 1255 mano

254 1281 388 1347 daturos,
409 1275 456 1334 ubi
472 1277 564 1349 prima
581 1277 784 1349 provenissent.
803 1276 940 1339 Profeiio

253 1363 385 1439 juvene,
406 1356 553 1417 modicum
579 1358 672 1416 otium
692 1364 702 1414 't
725 1357 774 1417 sed
796 1359 940 1438 superbire

255 1442 359 1511 miles,
377 1436 456 1522 quiid
478 1437 552 1498 filius
571 1437 682 1519 legati,
704 1456 801 1497 orator
818 1440 940 1518 publicos

254 1544 365 1595 taust,
392 1522 459 1582 satis
482 1518 669 1587 ostenderet,
693 1522 858 1580 necessitate
883 1543 939 1581 et«-

253 1625 375 1685 ptessa,
405 1624 466 1684 quae
491 1622 540 1681 per
562 1597 730 1661 modestiam
760 1623 820 1661 non
852 1602 938 1665 obti-

254 1688 387 1747 tuissent.

261 1805 264 1811 .
295 1766 369 1827 XX.
404 1764 513 1835 Interea
543 1761 682 1843 manipuli
712 1783 778 1825 aute
812 1782 938 1846 coeptem

253 1848 423 1911 seditionem
444 1846 626 1923 Nauportum
646 1846 748 1915 missi,
770 1846 811 1905 ob
834 1849 938 1911 itinera

255 1940 284 1991 8(
302 1951 422 2010 pontes,
444 1936 471 1987 8(
494 1927 564 1985 alios
586 1946 675 1994 usus,
697 1925 846 2007 postquam
870 1950 936 1989 tur.

254 2012 355 2073 batum
381 2014 411 2069 in
439 2006 531 2068 castris
553 2026 682 2085 accepere
700 2052 713 2075 ,
736 2009 840 2073 vexillo
864 2032 938 2071 con.

254 2094 362 2153 vellunt
385 2116 391 2149 :
417 2090 585 2170 direptisque
606 2088 739 2166 proximis
761 2092 858 2159 vicis,
884 2094 934 2172 ip-

254 2195 343 2255 soque
368 2173 546 2252 Nauporto,
574 2167 652 2249 quod
674 2172 822 2250 municipii
849 2171 937 2236 instar

254 2277 336 2326 etat,
356 2255 499 2315 retinentis
517 2250 691 2308 centuriones
711 2252 798 2313 inrisu
817 2262 845 2313 ὃ(
863 2276 935 2317 con-

255 2337 406 2405 tumeliis,
433 2326 573 2415 postremi)
599 2331 758 2391 verberibus
786 2336 932 2397 insudan-

254 2438 299 2482 tur
317 2443 324 2476 ι
342 2419 477 2499 ptaecipua
490 2418 521 2475 in
535 2409 719 2473 Aufidienum
736 2414 845 2475 Rufum
865 2438 935 2497 pre·

255 2500 360 2561 sottum
390 2498 547 2559 castrorum·
567 2494 608 2553 ira
631 2539 641 2566 ‚
668 2516 755 2575 quem
784 2496 933 2578 dereptum

254 2580 407 2652 vehiculo,
425 2582 538 2641 sarcinis
556 2594 692 2659 gravant,
711 2598 856 2660 aguntque
875 2584 933 2661 pri-

255 2684 305 2725 mo
330 2666 360 2726 in
387 2667 529 2749 agmine,
553 2678 600 2738 pet
624 2656 778 2719 ludibrium
802 2662 934 2745 rogitan-

255 2764 323 2819 tes,
347 2768 383 2809 on
406 2765 463 2807 tom
481 2748 615 2805 immenso
636 2762 718 2801 onero
736 2786 749 2812 ,
773 2761 831 2805 tam
849 2746 933 2827 longa
