2075 3659
257 283 505 363 ἈΝΝΑιιυΜ
529 294 614 364 Lra.
639 295 668 362 I.
752 321 795 384 37

117 422 203 491 atque
221 411 379 481 vicesima,
402 413 582 493 veteranique
609 434 696 494 nuper
716 418 796 475 misti

117 493 170 552 sub
188 492 295 552 vexillo
318 490 492 554 hiemabant.
519 494 644 555 Pavidos
668 505 696 555 δι
719 517 793 555 con·

116 570 237 633 scientiis
258 573 391 634 vecordes
423 576 510 635 intrat
538 596 658 647 metus,
687 579 796 636 venisse

116 675 230 735 patrum
242 659 337 733 jussu,
355 657 405 735 qui
421 656 497 715 irrita
515 655 656 726 facerent,
670 677 732 739 quae
748 678 797 736 per

116 735 288 797 seditionem
302 755 493 815 expresserant
507 759 517 793 r
533 756 619 817 utque
632 759 694 797 mos
705 737 796 820 vulgo

116 818 248 897 quamvis
265 816 344 876 falsis
365 838 444 875 reum
468 816 609 887 subdere,
629 818 796 878 Munatium

115 897 255 959 Plancum
284 899 432 957 consulatu
461 896 613 967 fundum,
639 900 795 979 principem

116 978 291 1061 legationis²
307 981 450 1039 auctorem
468 981 699 1040 senatusconsulti
718 985 796 1042 incu-

118 1079 182 1119 sant
198 1082 205 1115 :
222 1068 249 1119 &
263 1063 346 1118 nodie
360 1059 497 1119 concubia
509 1062 643 1119 vexillum
656 1064 687 1121 in
704 1062 796 1123 domo

120 1138 286 1201 Germanici
298 1142 384 1201 situm
393 1143 524 1223 flagitare
531 1144 675 1220 occipiunt
691 1166 699 1200 ι
718 1164 792 1205 cou-

118 1240 255 1301 cursuque
265 1220 301 1281 ad
310 1226 425 1300 januum
435 1221 694 1291 factomoliuntur
703 1222 795 1285 forest

119 1305 276 1363 exuacium
303 1303 389 1361 cubili
411 1302 553 1363 Caesarem
575 1305 682 1364 tradere
709 1308 796 1366 vexil-

118 1383 180 1443 lum
195 1428 208 1452 ,
234 1384 344 1444 intento
372 1386 473 1443 mortis
494 1404 573 1445 metu
589 1431 603 1453 ,
628 1385 763 1467 subigunt
785 1409 793 1445 e

117 1484 190 1525 mox
199 1466 268 1546 uagi
279 1484 326 1543 per
335 1467 411 1533 vias,
423 1466 525 1525 obvios
534 1464 655 1524 habuere
664 1467 792 1547 legatos,

118 1545 219 1609 audita
230 1542 470 1614 consternatione,
480 1545 516 1605 ad
524 1547 727 1606 Germanicum
736 1568 797 1607 ten⁴

120 1627 242 1687 dentes:
260 1628 391 1710 ingerunt
404 1628 605 1696 contumeliam
622 1627 725 1686 caedem
744 1650 796 1708 pa-

120 1727 204 1776 rant,
216 1708 322 1767 Planco
333 1709 477 1777 maxime,
489 1729 575 1789 quem
586 1707 616 1767 di
637 1712 710 1769 nitas
726 1709 756 1769 fu
778 1709 801 1777 ἃ.

120 1788 308 1868 impediverit
326 1812 335 1847 r
351 1810 439 1870 neque
453 1789 530 1849 aliud
545 1728 713 1869 periclitanti
728 1812 759 1850 su

119 1870 247 1940 sidium,
263 1868 348 1950 qu‘am
366 1868 451 1929 castra
470 1872 565 1949 primu
581 1870 700 1951 legionis
715 1894 722 1927 r
737 1874 797 1931 illic

119 1953 204 2034 signa
224 1959 251 2010 &
268 1951 394 2033 aquilam
408 1951 571 2029 amplexus,
589 1952 725 2033 religione
738 1973 797 2013 aesc

121 2032 268 2093 tutabatur
283 2055 291 2089 ι
306 2052 338 2091 ac
355 2034 386 2091 ni
401 2031 532 2111 aquilifer
548 2031 718 2109 Calpurnius
735 2034 798 2092 vim

121 2133 278 2175 extremam
308 2132 464 2182 arcuisset,
490 2132 584 2171 rarum
610 2130 698 2171 ettam
724 2132 797 2173 inter

122 2191 238 2263 hostes,
252 2195 360 2276 legatus
378 2192 475 2273 populi
494 2193 640 2262 Romani,
657 2192 797 2255 Romanis

121 2277 154 2337 in
168 2272 261 2337 castris
278 2277 412 2357 sanguine
427 2296 478 2335 suo
495 2274 595 2334 altaria
612 2272 697 2333 defin
715 2296 796 2334 com-

123 2358 329 2417 maculavircer.
343 2356 419 2415 Luce
432 2357 564 2425 demum,
578 2354 726 2436 postquam
739 2354 796 2416 dux
849 2364 852 2369 '

123 2446 152 2499 δι
179 2437 277 2506 miles,
298 2446 325 2497 δι
341 2435 415 2497 fasta
432 2437 640 2505 noscebantur,
658 2438 797 2518 ingressus
864 2469 866 2472 ·

125 2516 214 2579 castra
232 2518 431 2588 Germanicus,
449 2517 562 2597 perduci
576 2516 796 2577 adtePlancum

124 2602 267 2679 imperat3
284 2600 435 2679 recipitque
455 2601 485 2657 in
506 2598 638 2659 tribunal.
659 2597 737 2655 Tum
746 2598 798 2674 fa-

125 2682 209 2743 talem
233 2682 377 2758 increpans
400 2678 522 2748 rabiem,
545 2699 627 2753 neque
651 2680 797 2747 militurn,

124 2761 264 2827 ceciderim
280 2761 324 2823 iad
337 2782 468 2841 resurgere
474 2806 488 2837 r
505 2782 552 2821 cur
568 2759 694 2823 uenerint
707 2759 799 2846 legati
