2075 3659
256 313 323 377 πμ
380 289 415 357 C.
446 290 591 359 Coris.
624 288 812 356 Hom

250 429 313 480 tos,
349 411 433 489 nique
452 408 502 468 alii
517 426 679 467 senatorum
700 406 837 477 aderant,
860 410 941 485 qr'rr‘s-v

248 513 318 551 rrum
329 431 425 571 ίἓγνὶιῑ
435 491 640 568 proficeretur:
658 497 686 548 8(
705 490 803 548 ceteris
818 490 944 549 modice
993 526 995 531 ·

250 574 337 642 nisis,
355 574 427 631 inter
440 571 563 629 Vibium
577 569 721 639 Marsum,
741 579 768 630 &
787 568 845 631 Cn.
868 572 941 632 Sen-

252 656 326 713 tium
342 652 392 713 diu
408 653 555 733 quesitum
575 650 664 711 :dein
677 651 788 710 Marsus
805 653 941 722 seniori,

252 744 282 795 &
303 731 401 794 atritis·
415 733 543 794 tendenti
561 733 660 793 Sentio
681 733 827 795 concessit.
848 733 940 815 Isque

251 815 393 880 infamem
421 812 566 875 veneficiis
590 834 623 873 ea
646 815 676 872 in
703 815 849 893 provincia
872 860 884 885 ,
911 825 942 877 &-

251 897 394 961 Plancinae
421 916 585 977 percaram,
606 896 724 954 nomine
751 894 942 968 Martinam,

252 979 284 1041 in
310 978 429 1039 Urbem·
449 978 550 1046 misit,
580 974 796 1057 postulantibus„
808 976 942 1037 Vitellio
975 1034 977 1041 ,

251 1078 288 1123 ac
302 1060 447 1129 Veranio,
460 1060 634 1139 ceterisque,
649 1059 699 1137 qui
712 1058 829 1117 crimina
843 1066 875 1117 &
893 1081 945 1119 ac«

208 1152 212 1155 ’
250 1142 429 1200 cusationem
440 1160 588 1221 tamquam
600 1138 728 1203 aduersus
738 1159 865 1221 receptos
872 1145 942 1219 jam

252 1240 315 1285 Keos
332 1220 518 1284 inſtruebant..

295 1302 419 1363 LXXV.
438 1302 479 1364 At
494 1303 669 1387 Agrippina,
689 1322 864 1384 quamquam
889 1302 942 1363 de-

253 1380 327 1448 fessa
346 1386 441 1456 lustu,
459 1394 487 1445 &
505 1404 621 1464 corpore
634 1405 709 1467 aegro
720 1429 730 1456 ,
741 1386 872 1444 omnium
891 1406 942 1447 ta-

253 1486 321 1529 men
332 1488 393 1548 quae
411 1467 551 1526 ultionem
568 1486 743 1526 morarentur
759 1466 941 1539 intolerans,

250 1547 400 1611 adscendit
423 1547 539 1608 classem
561 1568 626 1607 cum
650 1546 789 1607 cineribus
811 1547 942 1609 Germa«

252 1630 330 1700 uici,
368 1638 396 1689 &
423 1629 538 1699 liberis3
569 1629 764 1689 miserantibus
792 1632 902 1689 conclis
927 1676 942 1701 ,
1003 1695 1006 1701 .

253 1710 327 1787 quid
342 1710 454 1786 femina
478 1709 623 1773 nobilitare,
645 1711 794 1785 princeps,
820 1710 940 1785 pucher-
1031 1712 1032 1743 ¹

253 1792 326 1855 timo
338 1791 418 1851 modu
432 1792 609 1850 matrimonio
622 1793 696 1853 inter
707 1794 865 1859 venerantis
872 1816 939 1871 gro-

253 1874 393 1948 tantisque
405 1872 495 1947 aspici
503 1873 608 1943 solita,
619 1891 684 1932 tunc
689 1872 792 1950 ferulis
803 1874 938 1949 reliquias

253 1954 319 2018 sinu
329 1954 416 2030 ferret
425 1998 440 2024 ,
457 1954 561 2013 incerta
577 1954 710 2023 ultionis,
727 1954 815 2011 anxia
829 1956 876 2013 sui
880 2002 893 2024 ,
908 1954 936 2015 δ’.

252 2034 363 2114 infilici
376 2035 547 2112 fecunditate
551 2035 672 2113 fhnunae
686 2036 787 2094 totiens
801 2034 937 2096 obnoxia.
961 2072 965 2081 ·

252 2115 391 2176 Pisonem
402 2117 517 2178 interim
530 2115 604 2196 apud
615 2114 713 2175 Coum
724 2115 845 2177 insulam
860 2139 940 2177 nun-

253 2196 311 2274 tius
341 2196 504 2278 adsequitur
517 2242 530 2266 ,
553 2198 703 2259 excessisse
728 2196 939 2261 Gemanicum.

252 2278 325 2353 Quo
348 2278 566 2357 intemperanter
588 2298 724 2358 accepto,
746 2277 829 2340 caedir
850 2281 940 2339 victi-

253 2378 341 2427 mas,
362 2357 423 2417 adit
447 2358 581 2437 templa:
605 2380 696 2440 neque
717 2360 774 2437 ipse
816 2359 940 2423 audium

253 2437 421 2508 moderans,
434 2448 462 2498 δι
477 2440 569 2523 magis
581 2440 763 2500 insolescente
776 2380 915 2501 Plancina
926 2488 939 2515 ,

254 2541 317 2601 quat
338 2520 446 2587 lucium
472 2522 579 2585 amissa
602 2523 702 2585 sororis
723 2540 799 2585 tum·
809 2522 938 2603 primum·

254 2602 320 2668 kero
337 2603 415 2663 cultu
430 2605 560 2669 mutavit.

295 2684 438 2746 LXXVI.
453 2683 630 2745 Adfluebant·
649 2686 844 2756 centuriones,
870 2706 939 2747 mo«

255 2765 438 2853 nebeotqum
451 2784 579 2848 prompta,
598 2768 644 2831 illi
662 2768 797 2852 legionum
809 2769 907 2854 fludio
924 2791 939 2831 r
