2075 3659
215 299 464 371 Annntrunr
488 304 574 371 Lis.
599 303 650 371 ΙΙ.
704 328 770 393 137

86 428 232 481 sermones
251 446 262 480 .·
280 444 347 483 vero
358 443 472 497 prorsus
486 424 519 481 de
540 422 637 483 Druso
652 425 773 483 seniores

88 505 198 562 locutos
215 528 225 561 .·
243 505 387 577 displicere
398 502 571 581 regnantibus
587 505 689 566 civilia
696 507 773 583 filio-

88 606 154 642 rum
175 586 288 663 ingenio
309 607 420 661 :neque
441 585 474 642 ob
493 586 574 644 aliud
591 588 772 659 interceptos,

88 664 174 742 quiem
196 667 262 743 quia
282 667 411 743 populum
437 665 592 725 Romanurn
617 688 689 743 etquo
708 670 773 747 jure

86 748 255 821 complesti,
284 748 391 805 reddita
417 746 567 817 libertate,
592 750 771 827 agitaverint.

87 827 158 887 Hos
173 828 256 911 vulgi
267 848 411 887 sermones
430 828 528 888 audita
547 849 624 889 mors
643 828 715 889 adeo
732 832 775 890 in-

90 909 213 977 cendit,
241 930 273 968 ur
297 929 364 969 ante
389 908 514 968 edisturn
535 909 773 991 magistratuum,

88 1010 161 1050 ante
187 991 480 1060 senatusconsultum,
503 1010 617 1071 sumpto
640 990 772 1070 justitio,

90 1072 285 1133 desererentur
311 1072 395 1141 forn,
422 1071 616 1131 clauderentur
637 1072 739 1133 domus
765 1098 774 1134 t

90 1155 200 1235 passim
217 1153 330 1213 silentia
349 1162 377 1213 &
398 1155 540 1235 gemitus,
556 1151 628 1213 nihil
654 1176 775 1236 compoa

91 1237 181 1295 situm
193 1236 224 1293 in
234 1232 454 1295 ostentationem
469 1245 515 1295 t&
529 1256 704 1317 quamquam
718 1258 772 1295 ne-

92 1337 151 1398 que
166 1315 326 1398 insignibus
347 1316 506 1398 lugentium
525 1315 710 1387 abstinerent,
736 1320 776 1379 al·

94 1396 150 1459 titis
167 1399 271 1457 anisnis
284 1399 450 1458 moerebant.
465 1398 549 1458 Forte
563 1400 776 1479 negotiatores,

91 1481 212 1539 vivente
233 1477 326 1539 adhuc
346 1479 538 1549 Germanico,
554 1478 635 1559 Syriis
652 1482 774 1563 egressi,

91 1561 206 1621 Iaetiora
225 1560 261 1621 de
278 1560 439 1621 vaiemdine
467 1565 525 1640 ejus
547 1561 663 1621 attulere
688 1560 774 1621 :sta-

95 1644 154 1703 tirn
169 1642 298 1711 credita,
312 1641 408 1704 statim
421 1642 538 1724 vulgata
552 1662 617 1703 sunt
632 1665 639 1701 ε
658 1662 689 1703 ut
703 1645 778 1724 quis-

94 1746 154 1806 que
176 1724 297 1795 obvius,
323 1726 453 1803 quamvis
475 1725 574 1785 ieviter
600 1724 716 1796 auditu,
745 1728 776 1786 in

95 1808 191 1877 aIios,
212 1826 297 1886 atque
317 1806 359 1865 ilii
376 1807 406 1865 in
422 1806 531 1886 pIures,
550 1807 692 1865 cumulata
709 1828 778 1889 gau-

97 1887 148 1947 dio
160 1936 170 1960 ,
181 1886 352 1949 transferunt
370 1911 377 1945 :
396 1908 507 1947 cursant
522 1908 570 1967 per
581 1888 696 1955 urbem,
710 1908 776 1945 mo-

96 1970 207 2031 liuntur
224 1970 394 2049 templorum
417 1968 491 2029 fores
508 1993 516 2025 r
533 1970 604 2046 juvit
622 1967 775 2027 credulita·

99 2072 161 2113 tem
193 2074 270 2122 nor,
299 2060 327 2111 &
362 2053 519 2131 promptior
546 2051 619 2109 inter
649 2048 779 2109 tenebras

98 2132 272 2193 adfirmatio.
295 2133 358 2191 Neo
385 2130 497 2191 obstitit
525 2129 602 2189 falsis
623 2128 778 2201 Tiberius,

99 2214 195 2276 donec
216 2235 342 2294 tempore
361 2234 394 2271 ac
417 2214 508 2292 spatio
531 2230 716 2271 vanescerent.
738 2212 779 2273 Et

99 2299 222 2377 populus
239 2298 319 2378 quasi
338 2316 445 2355 rursum
467 2313 592 2375 ereptum
611 2291 698 2353 acrius
724 2292 779 2353 do-

98 2379 166 2439 luit.

18 2510 21 2517 .
104 2466 106 2470 ’
142 2458 309 2519 LXXXIII.
328 2459 478 2528 Honores,
498 2477 531 2518 ut
554 2458 616 2537 quis
634 2475 729 2515 amore
746 2456 778 2517 in

99 2542 310 2602 Germanicum
320 2543 370 2600 'aut
382 2541 498 2623 ingenio
512 2538 640 2608 validus,
654 2539 754 2615 reperti
765 2582 779 2605 ,

100 2624 283 2704 decretique,
301 2641 330 2681 ut
344 2644 440 2681 nomen
459 2622 515 2700 ejus
532 2618 642 2676 Saliari
658 2618 781 2675 cnrrrrine

101 2723 265 2765 caneretur:
280 2706 357 2762 sedes
373 2704 476 2761 curules
487 2702 654 2761 sacerdotum
667 2696 780 2775 Augus·
864 2770 867 2777 Ι

101 2789 205 2849 talium
226 2787 313 2858 locis,
332 2806 460 2863 superque
476 2806 524 2845 eos
544 2802 656 2862 querceae
679 2800 783 2841 corona
