2075 3659
259 330 305 394 ²4
379 320 413 376 c,
444 310 593 377 Comi.
626 288 810 376 TAcm

255 426 310 486 mis
331 428 415 486 lucem
433 424 459 486 θ’
476 428 606 501 spiritum
626 426 777 502 reddidistis
791 451 801 484 .·
815 430 868 486 sed
880 426 945 503 qula

248 509 339 586 fiatri
358 531 416 567 meo
435 509 525 568 vitam
539 554 550 576 ‚
572 510 633 585 quis
646 510 765 585 fratrem
785 508 860 566 mihi
881 512 943 567 red-

257 592 300 647 dit
320 593 335 646 ?
356 610 430 667 quem
455 590 571 648 missum
597 594 634 647 ad
654 612 706 650 vos
728 612 746 646 a
771 589 945 647 Germanica

257 671 376 729 exercitu
398 674 431 728 de
457 670 640 728 communibus
664 672 842 739 commodis,
868 677 944 729 noae

251 752 382 825 proxima
405 752 552 833 jugulavit
573 774 626 824 per
651 751 820 828 gladiatores
849 772 941 820 suos,

256 854 322 909 quos
337 833 367 889 in
379 832 495 891 exitium
513 833 634 889 militum
648 832 728 889 halet
744 850 824 909 atque
837 850 940 889 armat.

256 911 397 987 Responde
415 958 425 981 ,
440 913 530 971 Blase
548 958 559 980 ,
581 912 627 969 ubi
647 915 766 972 cadaver
780 914 943 993 abjeceris?

257 1016 290 1052 ne
308 994 391 1069 lzostes
409 995 515 1071 quidem
529 994 671 1067 sepultura
692 994 840 1054 invident:
859 1015 942 1071 quum

257 1075 381 1143 osculis,
399 1075 626 1153 quum'lactymis
641 1075 759 1132 dolorem
777 1097 868 1133 meum
888 1075 945 1132 im·
1022 1105 1023 1112 κ

252 1156 395 1231 pltvcro,
419 1178 460 1215 me
486 1176 585 1232 quoque
609 1156 741 1213 trucidati
753 1154 856 1235 jube;
879 1168 943 1226 aum

258 1236 410 1315 intesfecIos
431 1238 535 1296 nullam
555 1234 589 1293 ob
603 1236 713 1305 scelus,
732 1240 783 1296 sed
798 1236 865 1314 quia
887 1239 953 1295 uti-'

258 1319 337 1376 litati
352 1318 487 1397 legionum
506 1317 727 1385 consulebamus,
743 1318 775 1375 ki
791 1319 942 1392 sepeliant.

299 1398 432 1458 XXIII.
455 1398 627 1457 Incendebat
648 1394 706 1456 haec
726 1400 816 1467 fletu,
840 1407 869 1458 ὅ(
888 1420 943 1478 pe-

239 1483 318 1541 stus
346 1501 430 1561 atque
459 1502 492 1540 os
515 1476 644 1538 manibus
673 1479 820 1539 verberans
844 1502 851 1534 τ
874 1500 944 1538 mox

259 1560 379 1641 disjestis
406 1582 527 1642 quorum
553 1581 601 1640 per
624 1557 756 1620 humeros
780 1558 943 1620 sustineba-

260 1662 327 1713 tur,
349 1664 487 1721 praeceps,
508 1652 536 1703 &
556 1642 731 1723 singqurum
751 1641 870 1721 pedibus
892 1642 945 1700 ad-

258 1724 394 1792 volutus,
416 1744 527 1783 tantum
551 1720 782 1782 consternationis
806 1722 942 1782 invidiae-

259 1825 313 1885 que
331 1806 471 1875 concivit,
491 1826 522 1865 ut
540 1824 601 1884 pars
623 1803 770 1875 militurn,
790 1803 943 1886 gladiato·
1025 1881 1026 1884 Ἴ

258 1906 301 1944 res
317 1884 365 1965 'qui
386 1907 400 1942 e
419 1888 534 1945 servitio
551 1885 630 1943 Blaesi
648 1900 726 1944 erant
745 1930 754 1955 ,
773 1906 836 1964 pars
860 1883 942 1945 cet'e-

259 1987 320 2025 ram
341 1967 463 2044 ejusdem
484 1964 626 2025 familiam
643 1967 810 2034 vincirent,
835 1966 886 2024 alii
906 1966 945 2026 ad

260 2048 438 2129 quarendum
465 2068 563 2129 corpus
592 2043 807 2107 effunderentur.
836 2046 882 2104 Ac
909 2049 944 2106 ni

259 2131 403 2209 properi,
433 2151 522 2189 neue
550 2149 648 2208 corpus
674 2128 763 2186 ullum
792 2128 905 2206 reperiri
930 2174 943 2197 ,

260 2219 288 2269 δε
307 2232 423 2279 servos,
445 2211 480 2268 ad
503 2211 579 2268 ibitis
601 2208 796 2277 cruciatibus,
818 2208 944 2267 abnuere

261 2290 386 2361 caedem,
403 2311 493 2370 neque
512 2291 555 2347 illi
574 2287 657 2348 fuisse
678 2310 803 2371 unquam
825 2279 944 2348 fratrem

261 2372 466 2452 pernotuisset,
490 2368 566 2429 haud
587 2371 709 2430 multum
731 2370 768 2429 ab
792 2371 880 2429 exitio
901 2371 944 2428 Ie-

262 2456 323 2535 gati
343 2453 466 2512 aberant.
486 2452 630 2511 Tribunos
653 2472 769 2522 tamen,
792 2472 824 2510 ac
844 2450 947 2531 praefe-

262 2537 339 2594 lium
360 2533 507 2593 castrorum
529 2553 672 2593 extrusere.
692 2534 811 2592 Sarcinae
826 2531 944 2614 fugien-

262 2618 335 2676 tium
355 2616 486 2695 direptae‚
506 2625 534 2675 &
554 2617 679 2673 centurio
700 2614 833 2672 Lucillius
853 2616 945 2672 inter·

264 2696 377 2767 ficitur,
405 2699 449 2755 cui
476 2697 644 2755 militaribus
674 2693 782 2754 facetiis
808 2695 941 2753 vocabu·

264 2778 342 2852 lum,
357 2782 425 2839 Cedo
437 2780 551 2850 alteram
561 2823 572 2848 ,
584 2775 743 2842 indiderant
753 2798 763 2850 5
773 2778 841 2859 quIa
852 2775 942 2835 frasta

883 2876 943 2919 vite
