2075 3659
239 239 490 341 Annnttum
516 246 600 315 Lon.
626 247 659 315 t.
753 267 794 336 ις

117 364 164 426 bic
177 367 301 425 sotonlib
319 366 459 435 senuerit,
473 367 523 423 ille
531 388 584 439 per
593 366 725 427 libidines
733 391 800 441 pes·

117 468 180 510 sum
194 448 274 504 datus
293 446 357 513 sit,
375 468 429 505 non
447 447 527 505 aliud
543 447 725 507 discordantis
743 471 799 523 pa·

115 527 181 586 'tria
196 527 457 603 remediumfuisse,
471 526 551 603 quiam
566 546 597 585 ut
612 528 646 586 ab
657 550 711 586 uno
727 550 801 607 tege·

118 625 201 665 netur.
220 608 286 665 Non
308 626 520 685 regnatam,
544 629 625 684 neque
645 609 797 678 dillaturi,

116 690 169 746 sed
185 688 322 761 principis
341 689 450 747 nomine
469 688 638 763 constitutam
656 689 803 762 rempubli-

118 790 180 827 tam
190 792 200 825 :
210 770 282 826 mari
302 766 413 826 Oceano
423 814 434 837 ,
447 786 496 825 aut
506 768 631 827 amnibus
642 770 801 847 longinquis

117 867 226 923 septum
247 850 388 923 imperium
409 873 419 906 .·
441 848 561 927 legiones
578 894 590 917 ,
607 850 769 923 provincias
790 896 805 920 ,

93 938 97 945 ’
119 930 246 998 classes,
270 936 361 989 euntla
374 930 447 987 inter
464 952 494 988 se
513 952 637 989 connexa
649 932 718 1011 :jus
732 934 806 1005 apul

120 1010 198 1076 eines
209 1056 222 1079 ,
238 1012 390 1089 modestiam
402 1013 474 1085 apud
484 1011 574 1069 socios
586 1035 597 1069 :
610 1010 699 1070 urbem
713 1013 805 1086 ipsam

119 1092 266 1169 magnifico
283 1110 380 1150 ornatu
398 1116 408 1149 .·
424 1114 513 1165 pauca
530 1095 673 1151 admodum
688 1094 722 1154 ui
744 1112 805 1153 tra·

121 1178 219 1241 blata,
242 1172 292 1247 qub
314 1172 408 1231 ceteris
429 1173 504 1248 quies
522 1191 602 1247 esset,

162 1250 201 1310 X.
216 1252 372 1312 Dicebatur
390 1274 507 1322 contra,
525 1256 655 1327 pietatem
672 1276 736 1333 erga
746 1278 804 1329 pa-

122 1350 254 1401 rentem,
279 1330 305 1394 li
329 1352 448 1407 tempora
475 1334 625 1407 reipublice
643 1380 655 1403 ,
685 1334 806 1395 obtentui

121 1432 233 1488 sumpta
253 1438 263 1472 .·
283 1413 396 1473 ceterum
419 1415 544 1488 cupidine
565 1415 725 1474 dominandi
744 1440 806 1475 con-

122 1496 196 1553 citos
210 1517 263 1568 per
272 1495 432 1573 largitiones
447 1514 590 1555 ueteranos
602 1541 614 1565 ,
625 1514 755 1570 paratum
773 1497 807 1557 ab
848 1520 852 1526 ·

124 1570 308 1639 idolesceme
317 1577 431 1649 privata
459 1577 604 1635 exercitum
627 1620 641 1645 ,
668 1596 807 1651 corruptas

124 1658 248 1717 consulis
270 1657 414 1735 legiones,
441 1658 601 1715 simulatam
621 1656 809 1731 Pompeiana-

126 1758 187 1801 tum
203 1740 324 1816 gratiam
332 1738 479 1811 partium:
498 1760 562 1797 mox
577 1738 624 1796 ubi
641 1742 744 1798 decreto
753 1762 808 1812 pa·

124 1836 223 1886 tium,
241 1818 335 1895 fasces
365 1815 391 1879 ξ)
408 1819 458 1899 jus
482 1820 608 1892 protasis
640 1818 811 1889 invaserit,

124 1900 204 1959 casis
216 1895 351 1961 Hirtio&
363 1898 458 1957 Pansa
471 1900 555 1969 (siue
566 1898 647 1975 hostis
660 1900 725 1958 illos
738 1923 809 1969 ,seu

123 1976 252 2039 Pansam
263 2002 394 2038 uenenum
413 1981 523 2038 uulneri
538 1981 683 2056 adfusum,
699 1981 746 2037 sui
755 1982 809 2038 mi-

124 2060 191 2121 lites
203 2058 331 2117 Hirtium
340 2106 352 2129 ‚
366 2058 392 2119 ἃ
405 2060 577 2119 machinator
584 2060 643 2120 doli
659 2062 750 2118 Cesar
759 2060 809 2119 ab·

120 2142 279 2221 stultiam)
294 2142 430 2216 utriusque
442 2140 535 2213 copias
549 2140 722 2213 occupavisse
736 2165 745 2198 :
758 2164 808 2200 ox·

126 2237 229 2283 tontum
250 2222 342 2283 inuito
359 2239 455 2279 senatu
474 2222 643 2279 consulatum
655 2265 667 2289 ‚
683 2244 810 2299 armaque·

126 2323 185 2383 quet
202 2304 232 2360 in
241 2300 395 2373 Antonium
410 2302 541 2375 acceperit
551 2347 565 2370 ,
583 2320 676 2361 contra
688 2302 808 2377 rempub.

126 2406 210 2447 versa
232 2384 482 2457 :proscriptionem
504 2383 632 2451 civium,
654 2384 810 2442 divisiones

127 2486 278 2542 agrotum,
297 2487 329 2525 ne
347 2465 418 2542 ipsis
435 2462 541 2540 quidem
560 2464 606 2539 qui
617 2464 730 2539 fecere,
749 2466 809 2521 lau-

128 2548 226 2609 datas..
242 2542 316 2602 Sani
333 2546 425 2603 Cassii
436 2589 447 2611 ,
460 2540 486 2602 ἃ
498 2544 645 2603 Brutotum
655 2544 748 2601 exitus
755 2566 813 2617 pa-

129 2625 218 2687 ternis
236 2625 397 2683 inimicitiis
414 2627 493 2683 datos
507 2628 519 2695 (
531 2646 690 2700 quamquam
702 2624 751 2700 fas
770 2626 811 2684 sit

123 2706 243 2787 priuata
260 2706 324 2765 odia
336 2706 455 2785 publicis
472 2705 642 2783 utilitatibus
657 2704 813 2781 neminen)
