<?xml version="1.0" encoding="UTF-8"?>
<!DOCTYPE html PUBLIC "-//W3C//DTD XHTML 1.0 Transitional//EN"
    "http://www.w3.org/TR/xhtml1/DTD/xhtml1-transitional.dtd">
<html xmlns="http://www.w3.org/1999/xhtml" xml:lang="en" lang="en">
 <head>
  <title>
</title>
<meta http-equiv="Content-Type" content="text/html;charset=utf-8" />
  <meta name='ocr-system' content='tesseract 3.04.00' />
  <meta name='ocr-capabilities' content='ocr_page ocr_carea ocr_par ocr_line ocrx_word'/>
</head>
<body>
  <div class='ocr_page' id='page_1' title='image "./ccorneliitaciti02lallgoog_0226.png"; bbox 0 0 2075 3659; ppageno 0'>
   <div class='ocr_carea' id='block_1_1' title="bbox 273 279 834 373">
    <p class='ocr_par' dir='ltr' id='par_1_1' title="bbox 273 279 834 373">
     <span class='ocr_line' id='line_1_1' title="bbox 273 279 834 373; baseline -0.009 -20"><span class='ocrx_word' id='word_1_1' title='bbox 273 305 342 373; x_wconf 82' lang='lat'>194</span> <span class='ocrx_word' id='word_1_2' title='bbox 395 282 432 351; x_wconf 90' lang='lat' dir='ltr'>C.</span> <span class='ocrx_word' id='word_1_3' title='bbox 461 279 606 349; x_wconf 79' lang='lat' dir='ltr'><strong><em>CORN.</em></strong></span> <span class='ocrx_word' id='word_1_4' title='bbox 637 280 834 348; x_wconf 80' lang='lat' dir='ltr'>TAclTI</span> 
     </span>
    </p>
   </div>
   <div class='ocr_carea' id='block_1_2' title="bbox 226 398 1030 2837">
    <p class='ocr_par' dir='ltr' id='par_1_2' title="bbox 226 398 1030 2837">
     <span class='ocr_line' id='line_1_2' title="bbox 264 398 1027 481; baseline 0.001 -19"><span class='ocrx_word' id='word_1_5' title='bbox 264 398 781 481; x_wconf 81' lang='lat' dir='ltr'>paratoslscilicetetiamillum‚qui</span> <span class='ocrx_word' id='word_1_6' title='bbox 790 400 955 463; x_wconf 83' lang='lat' dir='ltr'>libertatem</span> <span class='ocrx_word' id='word_1_7' title='bbox 1024 411 1027 468; x_wconf 81' lang='lat' dir='ltr'>l</span> 
     </span>
     <span class='ocr_line' id='line_1_3' title="bbox 268 482 955 567; baseline 0.001 -24"><span class='ocrx_word' id='word_1_8' title='bbox 268 485 414 567; x_wconf 80' lang='lat' dir='ltr'>publicam</span> <span class='ocrx_word' id='word_1_9' title='bbox 441 482 554 551; x_wconf 85' lang='lat' dir='ltr'>nollet,</span> <span class='ocrx_word' id='word_1_10' title='bbox 580 501 640 542; x_wconf 87' lang='lat' dir='ltr'>tam</span> <span class='ocrx_word' id='word_1_11' title='bbox 664 485 794 562; x_wconf 68' lang='lat' dir='ltr'>projesta</span> <span class='ocrx_word' id='word_1_12' title='bbox 824 486 955 544; x_wconf 84' lang='lat' dir='ltr'>servieu-</span> 
     </span>
     <span class='ocr_line' id='line_1_4' title="bbox 269 562 657 643; baseline -0.005 -18"><span class='ocrx_word' id='word_1_13' title='bbox 269 568 345 631; x_wconf 84' lang='lat' dir='ltr'>tium</span> <span class='ocrx_word' id='word_1_14' title='bbox 365 565 507 643; x_wconf 84' lang='lat' dir='ltr'>patienriae</span> <span class='ocrx_word' id='word_1_15' title='bbox 526 562 657 623; x_wconf 83' lang='lat' dir='ltr'>radebat.</span> 
     </span>
     <span class='ocr_line' id='line_1_5' title="bbox 312 642 957 716; baseline 0 -9"><span class='ocrx_word' id='word_1_16' title='bbox 312 645 420 707; x_wconf 88' lang='lat' dir='ltr'>LXVI.</span> <span class='ocrx_word' id='word_1_17' title='bbox 441 645 594 707; x_wconf 75' lang='lat' dir='ltr'>Paullatim</span> <span class='ocrx_word' id='word_1_18' title='bbox 613 642 731 716; x_wconf 85' lang='lat' dir='ltr'>dehinc,</span> <span class='ocrx_word' id='word_1_19' title='bbox 751 643 790 704; x_wconf 88' lang='lat' dir='ltr'>ab</span> <span class='ocrx_word' id='word_1_20' title='bbox 811 644 957 707; x_wconf 80' lang='lat' dir='ltr'>indecoris</span> 
     </span>
     <span class='ocr_line' id='line_1_6' title="bbox 270 724 957 810; baseline -0.009 -17"><span class='ocrx_word' id='word_1_21' title='bbox 270 728 309 793; x_wconf 81' lang='lat' dir='ltr'>ad</span> <span class='ocrx_word' id='word_1_22' title='bbox 324 726 425 789; x_wconf 83' lang='lat' dir='ltr'>infesta</span> <span class='ocrx_word' id='word_1_23' title='bbox 443 725 727 810; x_wconf 79' lang='lat' dir='ltr'>transgrediebantur.</span> <span class='ocrx_word' id='word_1_24' title='bbox 745 724 784 787; x_wconf 91' lang='lat' dir='ltr'>C.</span> <span class='ocrx_word' id='word_1_25' title='bbox 803 726 957 797; x_wconf 86' lang='lat' dir='ltr'>Silanum,</span> 
     </span>
     <span class='ocr_line' id='line_1_7' title="bbox 269 807 960 895; baseline 0 -26"><span class='ocrx_word' id='word_1_26' title='bbox 269 810 469 895; x_wconf 75' lang='lat' dir='ltr'>proconsulem</span> <span class='ocrx_word' id='word_1_27' title='bbox 497 810 593 879; x_wconf 82' lang='lat' dir='ltr'>Asiae,</span> <span class='ocrx_word' id='word_1_28' title='bbox 615 807 833 888; x_wconf 84' lang='lat' dir='ltr'>repetundarum</span> <span class='ocrx_word' id='word_1_29' title='bbox 865 832 885 868; x_wconf 90' lang='lat' dir='ltr'>a</span> <span class='ocrx_word' id='word_1_30' title='bbox 915 831 960 869; x_wconf 80' lang='lat' dir='ltr'>so-</span> 
     </span>
     <span class='ocr_line' id='line_1_8' title="bbox 269 888 959 972; baseline -0.003 -19"><span class='ocrx_word' id='word_1_31' title='bbox 269 895 325 953; x_wconf 82' lang='lat' dir='ltr'>ciis</span> <span class='ocrx_word' id='word_1_32' title='bbox 340 888 530 972; x_wconf 81' lang='lat' dir='ltr'>postulatum,</span> <span class='ocrx_word' id='word_1_33' title='bbox 545 890 708 951; x_wconf 83' lang='lat' dir='ltr'>Mamercus</span> <span class='ocrx_word' id='word_1_34' title='bbox 723 889 846 949; x_wconf 87' lang='lat' dir='ltr'>Scaurus</span> <span class='ocrx_word' id='word_1_35' title='bbox 858 911 876 947; x_wconf 89' lang='lat' dir='ltr'>e</span> <span class='ocrx_word' id='word_1_36' title='bbox 891 911 959 951; x_wconf 85' lang='lat' dir='ltr'>con-</span> 
     </span>
     <span class='ocr_line' id='line_1_9' title="bbox 269 968 967 1051; baseline -0.009 -14"><span class='ocrx_word' id='word_1_37' title='bbox 269 974 426 1043; x_wconf 77' lang='lat' dir='ltr'>sularibus,</span> <span class='ocrx_word' id='word_1_38' title='bbox 446 972 545 1033; x_wconf 84' lang='lat' dir='ltr'>lunius</span> <span class='ocrx_word' id='word_1_39' title='bbox 564 968 648 1033; x_wconf 89' lang='lat' dir='ltr'>Otho</span> <span class='ocrx_word' id='word_1_40' title='bbox 669 990 789 1051; x_wconf 77' lang='lat' dir='ltr'>prator,</span> <span class='ocrx_word' id='word_1_41' title='bbox 811 971 967 1031; x_wconf 85' lang='lat' dir='ltr'>Brutidius·</span> 
     </span>
     <span class='ocr_line' id='line_1_10' title="bbox 269 1052 956 1138; baseline 0 -25"><span class='ocrx_word' id='word_1_42' title='bbox 269 1054 366 1138; x_wconf 83' lang='lat' dir='ltr'>Niger</span> <span class='ocrx_word' id='word_1_43' title='bbox 378 1053 484 1124; x_wconf 69' lang='lat' dir='ltr'>edilis,</span> <span class='ocrx_word' id='word_1_44' title='bbox 499 1053 584 1113; x_wconf 90' lang='lat' dir='ltr'>simul</span> <span class='ocrx_word' id='word_1_45' title='bbox 597 1054 770 1133; x_wconf 88' lang='lat' dir='ltr'>corripiunt,</span> <span class='ocrx_word' id='word_1_46' title='bbox 786 1052 956 1130; x_wconf 65' lang='lat' dir='ltr'>objectant·</span> 
     </span>
     <span class='ocr_line' id='line_1_11' title="bbox 294 1134 959 1214; baseline -0.003 -20"><span class='ocrx_word' id='word_1_47' title='bbox 294 1156 329 1194; x_wconf 90' lang='lat' dir='ltr'>ue</span> <span class='ocrx_word' id='word_1_48' title='bbox 345 1136 481 1197; x_wconf 77' lang='lat' dir='ltr'>violatum</span> <span class='ocrx_word' id='word_1_49' title='bbox 494 1134 577 1214; x_wconf 77' lang='lat' dir='ltr'>Augu</span> <span class='ocrx_word' id='word_1_50' title='bbox 598 1136 611 1192; x_wconf 88' lang='lat' dir='ltr'>i</span> <span class='ocrx_word' id='word_1_51' title='bbox 626 1158 741 1206; x_wconf 74' lang='lat' dir='ltr'>omnen,</span> <span class='ocrx_word' id='word_1_52' title='bbox 756 1152 885 1207; x_wconf 84' lang='lat' dir='ltr'>sprctam</span> <span class='ocrx_word' id='word_1_53' title='bbox 912 1134 959 1193; x_wconf 76' lang='grc' dir='ltr'>Τῖ-</span> 
     </span>
     <span class='ocr_line' id='line_1_12' title="bbox 269 1156 961 1299; baseline -0.004 -19"><span class='ocrx_word' id='word_1_54' title='bbox 269 1156 344 1279; x_wconf 57' lang='lat' dir='ltr'>lldii</span> <span class='ocrx_word' id='word_1_55' title='bbox 356 1218 532 1299; x_wconf 73' lang='lat' dir='ltr'>majestatem.</span> <span class='ocrx_word' id='word_1_56' title='bbox 586 1238 711 1277; x_wconf 86' lang='lat' dir='ltr'>amercus</span> <span class='ocrx_word' id='word_1_57' title='bbox 723 1216 841 1296; x_wconf 88' lang='lat' dir='ltr'>antiqua</span> <span class='ocrx_word' id='word_1_58' title='bbox 860 1237 961 1277; x_wconf 83' lang='lat' dir='ltr'>exem·</span> 
     </span>
     <span class='ocr_line' id='line_1_13' title="bbox 272 1296 960 1381; baseline -0.003 -22"><span class='ocrx_word' id='word_1_59' title='bbox 272 1298 322 1381; x_wconf 83' lang='lat' dir='ltr'>pla</span> <span class='ocrx_word' id='word_1_60' title='bbox 340 1299 466 1379; x_wconf 80' lang='lat' dir='ltr'>jaciens,</span> <span class='ocrx_word' id='word_1_61' title='bbox 490 1298 525 1360; x_wconf 80' lang='lat' dir='ltr'>L.</span> <span class='ocrx_word' id='word_1_62' title='bbox 550 1301 657 1359; x_wconf 80' lang='lat' dir='ltr'>Cottam</span> <span class='ocrx_word' id='word_1_63' title='bbox 681 1322 700 1356; x_wconf 87' lang='lat' dir='ltr'>a</span> <span class='ocrx_word' id='word_1_64' title='bbox 720 1296 852 1371; x_wconf 81' lang='lat' dir='ltr'>Scipione</span> <span class='ocrx_word' id='word_1_65' title='bbox 873 1300 960 1377; x_wconf 81' lang='lat' dir='ltr'>Afri·</span> 
     </span>
     <span class='ocr_line' id='line_1_14' title="bbox 272 1378 1028 1452; baseline -0.003 -9"><span class='ocrx_word' id='word_1_66' title='bbox 272 1402 364 1452; x_wconf 78' lang='lat' dir='ltr'>cano,</span> <span class='ocrx_word' id='word_1_67' title='bbox 380 1378 441 1441; x_wconf 83' lang='lat' dir='ltr'>Ser.</span> <span class='ocrx_word' id='word_1_68' title='bbox 466 1378 585 1439; x_wconf 81' lang='lat' dir='ltr'><em>Galbam</em></span> <span class='ocrx_word' id='word_1_69' title='bbox 604 1404 622 1439; x_wconf 85' lang='lat' dir='ltr'>a</span> <span class='ocrx_word' id='word_1_70' title='bbox 641 1383 741 1441; x_wconf 79' lang='lat' dir='ltr'>Catone</span> <span class='ocrx_word' id='word_1_71' title='bbox 755 1379 902 1452; x_wconf 81' lang='lat' dir='ltr'>censorio,</span> <span class='ocrx_word' id='word_1_72' title='bbox 921 1381 959 1441; x_wconf 82' lang='lat' dir='ltr'>P.</span> <span class='ocrx_word' id='word_1_73' title='bbox 1027 1409 1028 1420; x_wconf 52' lang='lat'>¹</span> 
     </span>
     <span class='ocr_line' id='line_1_15' title="bbox 275 1458 1030 1536; baseline 0 -13"><span class='ocrx_word' id='word_1_74' title='bbox 275 1460 416 1523; x_wconf 72' lang='lat' dir='ltr'>Racilium</span> <span class='ocrx_word' id='word_1_75' title='bbox 430 1484 447 1521; x_wconf 88' lang='lat' dir='ltr'>a</span> <span class='ocrx_word' id='word_1_76' title='bbox 460 1460 507 1520; x_wconf 89' lang='lat' dir='ltr'>M.</span> <span class='ocrx_word' id='word_1_77' title='bbox 524 1458 628 1521; x_wconf 81' lang='lat' dir='ltr'>Scauro</span> <span class='ocrx_word' id='word_1_78' title='bbox 642 1481 782 1521; x_wconf 83' lang='lat' dir='ltr'>accusatos</span> <span class='ocrx_word' id='word_1_79' title='bbox 797 1486 807 1519; x_wconf 88' lang='lat'>.·</span> <span class='ocrx_word' id='word_1_80' title='bbox 821 1460 962 1524; x_wconf 85' lang='lat' dir='ltr'>videlicet</span> <span class='ocrx_word' id='word_1_81' title='bbox 1028 1471 1030 1536; x_wconf 77' lang='lat' dir='ltr'>l</span> 
     </span>
     <span class='ocr_line' id='line_1_16' title="bbox 273 1540 1029 1623; baseline -0.001 -19"><span class='ocrx_word' id='word_1_82' title='bbox 273 1544 374 1623; x_wconf 83' lang='lat' dir='ltr'>Scipio</span> <span class='ocrx_word' id='word_1_83' title='bbox 390 1552 417 1604; x_wconf 72' lang='grc' dir='ltr'>δι</span> <span class='ocrx_word' id='word_1_84' title='bbox 431 1540 510 1604; x_wconf 87' lang='lat' dir='ltr'>Cato</span> <span class='ocrx_word' id='word_1_85' title='bbox 525 1543 593 1604; x_wconf 84' lang='lat' dir='ltr'>talla</span> <span class='ocrx_word' id='word_1_86' title='bbox 609 1541 829 1612; x_wconf 83' lang='lat' dir='ltr'>ulciscebantur,</span> <span class='ocrx_word' id='word_1_87' title='bbox 842 1564 902 1603; x_wconf 88' lang='lat' dir='ltr'>aut</span> <span class='ocrx_word' id='word_1_88' title='bbox 913 1544 962 1603; x_wconf 88' lang='lat' dir='ltr'>ille</span> <span class='ocrx_word' id='word_1_89' title='bbox 1028 1541 1029 1552; x_wconf 56' lang='lat'><em>²</em></span> 
     </span>
     <span class='ocr_line' id='line_1_17' title="bbox 273 1624 961 1706; baseline -0.001 -21"><span class='ocrx_word' id='word_1_90' title='bbox 273 1624 414 1696; x_wconf 83' lang='lat' dir='ltr'>Scaurus,</span> <span class='ocrx_word' id='word_1_91' title='bbox 442 1644 529 1706; x_wconf 84' lang='lat' dir='ltr'>quem</span> <span class='ocrx_word' id='word_1_92' title='bbox 557 1644 693 1703; x_wconf 88' lang='lat' dir='ltr'>proavum</span> <span class='ocrx_word' id='word_1_93' title='bbox 717 1644 823 1695; x_wconf 86' lang='lat' dir='ltr'>suum,</span> <span class='ocrx_word' id='word_1_94' title='bbox 842 1645 961 1704; x_wconf 87' lang='lat' dir='ltr'>oppro-</span> 
     </span>
     <span class='ocr_line' id='line_1_18' title="bbox 274 1703 962 1786; baseline -0.003 -19"><span class='ocrx_word' id='word_1_95' title='bbox 274 1704 371 1767; x_wconf 89' lang='lat' dir='ltr'>brium</span> <span class='ocrx_word' id='word_1_96' title='bbox 389 1710 529 1785; x_wconf 85' lang='lat' dir='ltr'>majorum</span> <span class='ocrx_word' id='word_1_97' title='bbox 550 1705 727 1777; x_wconf 81' lang='lat' dir='ltr'>Mamercus,</span> <span class='ocrx_word' id='word_1_98' title='bbox 747 1703 849 1765; x_wconf 81' lang='lat' dir='ltr'>infami</span> <span class='ocrx_word' id='word_1_99' title='bbox 872 1706 962 1786; x_wconf 68' lang='lat' dir='ltr'>operi</span> 
     </span>
     <span class='ocr_line' id='line_1_19' title="bbox 276 1782 1030 1852; baseline 0.007 -5"><span class='ocrx_word' id='word_1_100' title='bbox 276 1782 490 1848; x_wconf 83' lang='lat' dir='ltr'>dehonestabat.</span> <span class='ocrx_word' id='word_1_101' title='bbox 522 1787 609 1847; x_wconf 85' lang='lat' dir='ltr'>lunio</span> <span class='ocrx_word' id='word_1_102' title='bbox 638 1785 753 1849; x_wconf 84' lang='lat' dir='ltr'>Othoni</span> <span class='ocrx_word' id='word_1_103' title='bbox 789 1787 961 1849; x_wconf 87' lang='lat' dir='ltr'>litterarium</span> <span class='ocrx_word' id='word_1_104' title='bbox 1029 1819 1030 1852; x_wconf 70' lang='lat' dir='ltr'>r</span> 
     </span>
     <span class='ocr_line' id='line_1_20' title="bbox 276 1855 1030 1948; baseline 0.004 -18"><span class='ocrx_word' id='word_1_105' title='bbox 276 1867 377 1930; x_wconf 87' lang='lat' dir='ltr'>ludum</span> <span class='ocrx_word' id='word_1_106' title='bbox 392 1888 515 1929; x_wconf 85' lang='lat' dir='ltr'>exercere</span> <span class='ocrx_word' id='word_1_107' title='bbox 529 1888 608 1929; x_wconf 88' lang='lat' dir='ltr'>vetus</span> <span class='ocrx_word' id='word_1_108' title='bbox 622 1890 665 1929; x_wconf 89' lang='lat' dir='ltr'>ars</span> <span class='ocrx_word' id='word_1_109' title='bbox 683 1868 761 1930; x_wconf 83' lang='lat' dir='ltr'>fuit:</span> <span class='ocrx_word' id='word_1_110' title='bbox 778 1889 844 1929; x_wconf 83' lang='lat' dir='ltr'>mox</span> <span class='ocrx_word' id='word_1_111' title='bbox 858 1870 963 1948; x_wconf 86' lang='lat' dir='ltr'>Sejani</span> <span class='ocrx_word' id='word_1_112' title='bbox 1029 1855 1030 1936; x_wconf 88' lang='lat' dir='ltr'>l</span> 
     </span>
     <span class='ocr_line' id='line_1_21' title="bbox 226 1948 965 2032; baseline 0.001 -19"><span class='ocrx_word' id='word_1_113' title='bbox 226 2006 229 2013; x_wconf 87' lang='lat'><strong>.</strong></span> <span class='ocrx_word' id='word_1_114' title='bbox 278 1948 410 2032; x_wconf 73' lang='lat' dir='ltr'>potentii</span> <span class='ocrx_word' id='word_1_115' title='bbox 427 1970 554 2021; x_wconf 86' lang='lat' dir='ltr'>senator,</span> <span class='ocrx_word' id='word_1_116' title='bbox 571 1950 690 2011; x_wconf 88' lang='lat' dir='ltr'>obscura</span> <span class='ocrx_word' id='word_1_117' title='bbox 709 1951 792 2011; x_wconf 87' lang='lat' dir='ltr'>initia</span> <span class='ocrx_word' id='word_1_118' title='bbox 806 1952 965 2030; x_wconf 64' lang='lat' dir='ltr'>impudem</span> 
     </span>
     <span class='ocr_line' id='line_1_22' title="bbox 279 2031 964 2112; baseline 0.003 -19"><span class='ocrx_word' id='word_1_119' title='bbox 279 2033 357 2093; x_wconf 89' lang='lat' dir='ltr'>tibus</span> <span class='ocrx_word' id='word_1_120' title='bbox 376 2034 447 2095; x_wconf 80' lang='lat' dir='ltr'>ausis</span> <span class='ocrx_word' id='word_1_121' title='bbox 467 2031 650 2112; x_wconf 78' lang='lat' dir='ltr'>propellebat.</span> <span class='ocrx_word' id='word_1_122' title='bbox 670 2032 829 2093; x_wconf 83' lang='lat' dir='ltr'>Brutidium</span> <span class='ocrx_word' id='word_1_123' title='bbox 850 2034 964 2095; x_wconf 85' lang='lat' dir='ltr'>artibus</span> 
     </span>
     <span class='ocr_line' id='line_1_23' title="bbox 279 2108 964 2194; baseline 0.003 -21"><span class='ocrx_word' id='word_1_124' title='bbox 279 2108 404 2176; x_wconf 85' lang='lat' dir='ltr'>honestis</span> <span class='ocrx_word' id='word_1_125' title='bbox 419 2114 585 2193; x_wconf 84' lang='lat' dir='ltr'>copiosum,</span> <span class='ocrx_word' id='word_1_126' title='bbox 597 2122 646 2183; x_wconf 75' lang='grc' dir='ltr'>δι,</span> <span class='ocrx_word' id='word_1_127' title='bbox 660 2115 685 2173; x_wconf 87' lang='lat' dir='ltr'>si</span> <span class='ocrx_word' id='word_1_128' title='bbox 701 2116 809 2175; x_wconf 70' lang='lat' dir='ltr'>rectum</span> <span class='ocrx_word' id='word_1_129' title='bbox 826 2114 882 2173; x_wconf 84' lang='lat' dir='ltr'>iter</span> <span class='ocrx_word' id='word_1_130' title='bbox 897 2136 964 2194; x_wconf 87' lang='lat' dir='ltr'>pet-</span> 
     </span>
     <span class='ocr_line' id='line_1_24' title="bbox 280 2194 961 2279; baseline 0.007 -26"><span class='ocrx_word' id='word_1_131' title='bbox 280 2214 378 2279; x_wconf 81' lang='lat' dir='ltr'>geret‚</span> <span class='ocrx_word' id='word_1_132' title='bbox 400 2194 437 2255; x_wconf 88' lang='lat' dir='ltr'>ad</span> <span class='ocrx_word' id='word_1_133' title='bbox 456 2194 609 2255; x_wconf 88' lang='lat' dir='ltr'>clarissima</span> <span class='ocrx_word' id='word_1_134' title='bbox 622 2216 739 2277; x_wconf 82' lang='lat' dir='ltr'>quaque</span> <span class='ocrx_word' id='word_1_135' title='bbox 755 2196 881 2267; x_wconf 85' lang='lat' dir='ltr'>iturum,</span> <span class='ocrx_word' id='word_1_136' title='bbox 899 2196 961 2258; x_wconf 82' lang='lat' dir='ltr'>fes-</span> 
     </span>
     <span class='ocr_line' id='line_1_25' title="bbox 281 2274 964 2358; baseline 0.006 -21"><span class='ocrx_word' id='word_1_137' title='bbox 281 2278 386 2337; x_wconf 85' lang='lat' dir='ltr'>tinatio</span> <span class='ocrx_word' id='word_1_138' title='bbox 408 2274 628 2349; x_wconf 82' lang='lat' dir='ltr'>exstimulabat,</span> <span class='ocrx_word' id='word_1_139' title='bbox 649 2276 720 2337; x_wconf 82' lang='lat' dir='ltr'>dum</span> <span class='ocrx_word' id='word_1_140' title='bbox 741 2276 874 2358; x_wconf 75' lang='lat' dir='ltr'>aqualis,</span> <span class='ocrx_word' id='word_1_141' title='bbox 894 2278 964 2341; x_wconf 80' lang='lat' dir='ltr'>cleia</span> 
     </span>
     <span class='ocr_line' id='line_1_26' title="bbox 281 2356 965 2441; baseline 0.009 -26"><span class='ocrx_word' id='word_1_142' title='bbox 281 2358 461 2437; x_wconf 79' lang='lat' dir='ltr'>superiores,</span> <span class='ocrx_word' id='word_1_143' title='bbox 490 2356 632 2437; x_wconf 77' lang='lat' dir='ltr'>postremo</span> <span class='ocrx_word' id='word_1_144' title='bbox 660 2379 784 2419; x_wconf 85' lang='lat' dir='ltr'>suasmet</span> <span class='ocrx_word' id='word_1_145' title='bbox 813 2360 870 2439; x_wconf 88' lang='lat' dir='ltr'>ipse</span> <span class='ocrx_word' id='word_1_146' title='bbox 900 2382 965 2441; x_wconf 69' lang='lat' dir='ltr'>spat</span> 
     </span>
     <span class='ocr_line' id='line_1_27' title="bbox 283 2439 963 2521; baseline 0.003 -22"><span class='ocrx_word' id='word_1_147' title='bbox 283 2440 389 2499; x_wconf 83' lang='lat' dir='ltr'>anteire</span> <span class='ocrx_word' id='word_1_148' title='bbox 414 2458 493 2518; x_wconf 86' lang='lat' dir='ltr'>parat</span> <span class='ocrx_word' id='word_1_149' title='bbox 514 2462 520 2495; x_wconf 96' lang='lat'><strong>:</strong></span> <span class='ocrx_word' id='word_1_150' title='bbox 541 2439 620 2521; x_wconf 85' lang='lat' dir='ltr'>quocl</span> <span class='ocrx_word' id='word_1_151' title='bbox 643 2440 769 2510; x_wconf 83' lang='lat' dir='ltr'>multos,</span> <span class='ocrx_word' id='word_1_152' title='bbox 793 2442 879 2501; x_wconf 88' lang='lat' dir='ltr'>etiarn</span> <span class='ocrx_word' id='word_1_153' title='bbox 902 2443 963 2501; x_wconf 90' lang='lat' dir='ltr'>bo-</span> 
     </span>
     <span class='ocr_line' id='line_1_28' title="bbox 283 2519 965 2603; baseline 0.004 -21"><span class='ocrx_word' id='word_1_154' title='bbox 283 2542 353 2591; x_wconf 86' lang='lat' dir='ltr'>nos,</span> <span class='ocrx_word' id='word_1_155' title='bbox 371 2540 480 2600; x_wconf 86' lang='lat' dir='ltr'>pessum</span> <span class='ocrx_word' id='word_1_156' title='bbox 498 2519 596 2593; x_wconf 87' lang='lat' dir='ltr'>dedit,</span> <span class='ocrx_word' id='word_1_157' title='bbox 611 2523 675 2603; x_wconf 90' lang='lat' dir='ltr'>qui,</span> <span class='ocrx_word' id='word_1_158' title='bbox 694 2524 792 2603; x_wconf 80' lang='lat' dir='ltr'>spretis</span> <span class='ocrx_word' id='word_1_159' title='bbox 805 2543 866 2603; x_wconf 81' lang='lat' dir='ltr'>quat</span> <span class='ocrx_word' id='word_1_160' title='bbox 879 2524 965 2585; x_wconf 84' lang='lat' dir='ltr'>tarda</span> 
     </span>
     <span class='ocr_line' id='line_1_29' title="bbox 283 2604 964 2684; baseline 0.007 -22"><span class='ocrx_word' id='word_1_161' title='bbox 283 2623 349 2662; x_wconf 87' lang='lat' dir='ltr'>cum</span> <span class='ocrx_word' id='word_1_162' title='bbox 365 2604 528 2675; x_wconf 86' lang='lat' dir='ltr'>securitate,</span> <span class='ocrx_word' id='word_1_163' title='bbox 545 2623 710 2684; x_wconf 75' lang='lat' dir='ltr'>praematma</span> <span class='ocrx_word' id='word_1_164' title='bbox 725 2604 773 2666; x_wconf 81' lang='lat' dir='ltr'>vel</span> <span class='ocrx_word' id='word_1_165' title='bbox 790 2624 857 2665; x_wconf 83' lang='lat' dir='ltr'>cum</span> <span class='ocrx_word' id='word_1_166' title='bbox 870 2607 964 2667; x_wconf 82' lang='lat' dir='ltr'>exitio</span> 
     </span>
     <span class='ocr_line' id='line_1_30' title="bbox 284 2705 675 2769; baseline 0.005 -25"><span class='ocrx_word' id='word_1_167' title='bbox 284 2705 442 2769; x_wconf 86' lang='lat' dir='ltr'>properant.</span> <span class='ocrx_word' id='word_1_168' title='bbox 671 2730 675 2739; x_wconf 83' lang='lat'>.</span> 
     </span>
     <span class='ocr_line' id='line_1_31' title="bbox 325 2766 964 2837; baseline -0.005 -5"><span class='ocrx_word' id='word_1_169' title='bbox 325 2766 410 2837; x_wconf 83' lang='lat' dir='ltr'>LXV</span> <span class='ocrx_word' id='word_1_170' title='bbox 410 2767 448 2831; x_wconf 89' lang='lat' dir='ltr'>ll.</span> <span class='ocrx_word' id='word_1_171' title='bbox 472 2766 584 2831; x_wconf 79' lang='lat' dir='ltr'>Auxere</span> <span class='ocrx_word' id='word_1_172' title='bbox 601 2788 750 2832; x_wconf 72' lang='lat' dir='ltr'>umerum</span> <span class='ocrx_word' id='word_1_173' title='bbox 764 2787 964 2830; x_wconf 80' lang='lat' dir='ltr'>accusatorum</span> 
     </span>
    </p>
   </div>
   <div class='ocr_carea' id='block_1_3' title="bbox 417 2883 427 2921">
    <p class='ocr_par' dir='ltr' id='par_1_3' title="bbox 417 2883 427 2921">
     <span class='ocr_line' id='line_1_32' title="bbox 417 2883 427 2921; baseline 0 0"><span class='ocrx_word' id='word_1_174' title='bbox 417 2883 427 2921; x_wconf 77' lang='lat' dir='ltr'>l</span> 
     </span>
    </p>
   </div>
   <div class='ocr_carea' id='block_1_4' title="bbox 0 0 1062 3659">
    <p class='ocr_par' dir='ltr' id='par_1_4' title="bbox 0 0 1062 3659">
     <span class='ocr_line' id='line_1_33' title="bbox 0 0 1062 3659; baseline 0 0"><span class='ocrx_word' id='word_1_175' title='bbox 0 0 1062 3659; x_wconf 95' lang='lat' dir='ltr'> </span> 
     </span>
    </p>
   </div>
  </div>
 </body>
</html>
