2075 3659
193 245 441 314 Annnzrurt
465 248 549 315 ΜΒ.
575 248 647 317 III.
701 269 764 342 145

79 365 278 428 Tarracinam
289 384 445 447 progressus
463 362 517 436 est,
533 388 599 426 cunr
618 368 766 441 Claudio,

83 449 200 517 fratre,
217 447 366 526 liberisque
384 447 571 519 Germanici,
592 451 641 529 qui
658 451 688 509 in
700 452 768 511 urbe

82 530 211 589 -fiterant
231 526 372 588 Consules
388 528 435 586 M.
455 529 584 588 Valerius
600 538 627 589 &
642 528 680 591 C.
699 532 767 591 Au-

83 610 174 670 relius
196 615 282 688 (jam
308 611 385 669 enim
415 611 614 691 magistratum
637 632 768 692 occoepe-

79 699 176 765 rant)
197 700 225 751 &
243 711 377 761 senatus,
401 711 435 749 ac
452 711 559 772 magna
585 712 646 771 pars
671 694 771 772 populi

81 776 170 834 ,viam
191 771 387 851 complevere,
412 770 540 850 disjecti,
563 780 590 830 &
613 790 644 831 ut
668 776 770 854 cuique

81 854 228 923 libitum,
246 854 344 911 flentes
362 852 480 912 :aberat
517 854 601 932 uippe
622 852 770 927 adulatio,

88 936 188 1017 gnaris
209 934 367 1003 omnibus,
387 934 480 993 latam
498 874 619 992 liberio
646 935 771 997 Germa-

81 1017 149 1075 nici
170 1035 293 1075 mortem
315 1015 389 1073 mall
409 1015 586 1074 dissimulari.

97 1146 101 1152 ,
131 1096 186 1156 ΠΙ.
196 1095 328 1157 Tiberius
340 1116 424 1177 atque
437 1098 484 1155 Au
504 1096 563 1155 usta
578 1096 692 1177 publico
704 1097 770 1158 abs·

89 1180 230 1248 tinuere·;
263 1178 375 1236 interius
400 1186 474 1257 maje
516 1198 543 1237 te
568 1198 617 1236 sua
636 1181 713 1250 rati,
744 1184 771 1239 si

88 1260 188 1339 palam
208 1258 458 1329 lamentarentur,
470 1281 534 1330 an,
561 1280 617 1328 ne,
637 1263 770 1321 omniunt

81 1342 182 1400 oculis
206 1338 317 1400 vultum
346 1360 442 1397 eorum
470 1341 677 1411 scrutantibus,
704 1340 771 1401 fulsi

81 1421 322 1503 intelligerentur.
358 1422 485 1480 Matrem
516 1421 675 1480 Antoniam
710 1442 771 1483 non

87 1504 168 1584 apud
185 1506 312 1561 auctores
326 1522 438 1572 tetum,
454 1522 513 1561 non
528 1498 627 1561 diurnd
641 1505 770 1563 atrorum

79 1582 246 1664 scripturi,
259 1585 366 1663 reperio
381 1583 440 1641 ullo
455 1584 561 1665 insigni
570 1582 666 1641 officio
681 1582 772 1643 func-

81 1687 178 1737 ,tam3
203 1685 291 1745 quum
315 1684 394 1743 super
413 1664 621 1747 Agrippinam,
644 1673 671 1724 &
690 1659 770 1724 'Dru-

79 1768 184 1819 sum,
210 1755 238 1805 &
265 1744 437 1815 Claudiurn,
460 1748 544 1805 ceteri
562 1766 674 1826 quoque
693 1766 770 1807 con-

81 1829 241 1913 sanguinei
258 1829 430 1886 nominatim
450 1828 591 1906 perscripti
613 1828 668 1887 sint
690 1850 697 1884 ε
722 1848 770 1889 seu

78 1909 255 1971 ualetudine
272 1907 507 1987 prepediebatur,
527 1927 574 1966 seu
591 1909 680 1967 victus
693 1907 769 1967 luctu

81 1993 223 2059 unimus,
239 1988 465 2073 magnitudinem
482 1988 553 2048 mali
572 1986 689 2067 perferre
708 1990 770 2047 visu

84 2094 152 2132 non
176 2072 334 2133 tolcravit:
359 2069 469 2129 facilius
496 2068 685 2138 crediderim,
709 2068 768 2127 Ti·

79 2154 173 2213 ·berio
204 2162 232 2211 δι
258 2149 404 2233 Augusti,
423 2152 474 2231 qui
495 2150 584 2209 domo
602 2170 660 2209 non
681 2171 767 2209 exce-

90 2233 202 2294 debant
216 2229 235 2304 ,’
247 2231 424 2302 cohibitam,
453 2250 484 2291 ut
511 2251 561 2311 par
589 2250 714 2303 moror,
738 2241 768 2293 dc

79 2318 194 2377 mattis
218 2312 368 2393 exemplo,
388 2309 455 2374 avia'
471 2332 586 2394 quoque
605 2321 632 2373 &
654 2306 768 2393 patritus

88 2399 210 2459 attineri
229 2396 394 2455 viderentur.

83 2476 87 2484 ’
132 2479 190 2537 IV.
204 2477 289 2547 Dies,
307 2495 365 2556 quo
383 2478 505 2557 teliquiae
518 2476 628 2535 tumulo
646 2476 692 2535 Au
713 2474 767 2535 usti

90 2559 306 2628 inferebantur,
323 2557 412 2616 modo
429 2558 635 2637 pestilentium
654 2578 688 2616 va
733 2578 765 2627 s,

80 2640 186 2700 rnodb
222 2638 376 2721 ploratibus
396 2639 515 2719 ‘inquies
541 2661 548 2694 :
576 2638 658 2718 plena
690 2638 767 2697 urbis

90 2726 219 2792 itinera,
243 2721 420 2783 conlucentes
440 2739 487 2801 pet
505 2739 639 2803 eampum
664 2718 769 2781 Martis
865 2737 870 2746 “

142 2803 221 2863 Tom.
242 2803 288 2865 I.l
622 2798 651 2859 G
