2075 3659
271 320 313 389 50
394 298 430 365 C.
461 298 609 368 Corn,
642 299 824 366 TAcrrr

264 420 357 488 itum,
379 420 487 497 aperuit
507 440 513 474 :
536 418 677 499 suasitque
695 418 777 477 Varo
795 437 827 477 ut
843 442 874 479 se
887 466 900 489 ,
925 418 960 481 ὃ*

263 498 451 569 Arminium,
477 496 503 558 ἃ
532 518 634 558 ceteros
651 522 777 574 proceres
802 501 928 562 vinciret
940 526 958 575 ,·

263 581 341 641 nihil
354 600 483 641 murum
496 580 619 655 plebem,
633 582 806 657 principibus
826 586 933 641 amotis
939 606 957 655 ;

264 682 343 740 atque
367 663 424 737 ipsi
444 682 548 736 tempus
567 664 653 741 fore,
677 685 728 739 quo
752 663 895 735 crimina,
926 662 957 724 ἃ

264 745 396 803 innoxios
416 746 580 804 discentem
600 769 610 803 .·
631 743 688 803 Sed
709 745 803 804 Varus
820 743 884 804 fato
899 792 909 816 ,
926 755 979 809 dc,

262 827 294 886 vi
322 826 447 885 Arminii
478 824 588 885 cecidit.
619 823 744 909 Segestes
770 847 955 908 quamquam

264 928 401 967 consensu
421 909 512 990 gentis
530 909 560 966 in
578 906 686 965 bellum
701 910 822 978 erastus,
844 908 954 970 discors

264 989 417 1057 manebat,
434 990 522 1047 anelis
537 990 671 1068 privatim
689 988 782 1057 odiis,
798 987 878 1069 quod
895 992 955 1050 Ar-

265 1072 370 1155 minius
396 1067 486 1129 filiam
510 1075 569 1148 ejus
593 1071 643 1128 alii
661 1074 774 1151 pastam
793 1092 952 1150 rapuerat3

266 1172 351 1235 gener
365 1152 487 1222 invisus,
499 1153 610 1210 inimici
619 1154 727 1223 soceri3
742 1172 861 1233 queque
876 1153 953 1233 apud

266 1232 420 1293 concordes
445 1233 559 1293 vincula
586 1235 736 1304 caritatis,
760 1235 954 1296 incitamenta

266 1316 371 1375 irarum
386 1315 460 1394 apud
474 1314 600 1374 infensos
613 1336 701 1375 erant.

308 1396 393 1457 LVI..
407 1395 498 1480 Igitur
514 1396 703 1457 Germanicus
720 1416 843 1478 quatuor
861 1398 954 1481 legio⁴

266 1499 340 1549 nes,
365 1480 491 1561 quinque
515 1479 694 1537 auxiliarium
716 1479 827 1550 millia,
849 1488 876 1539 δι
899 1500 951 1540 tu-

267 1560 431 1621 multuarias
449 1558 576 1621 ‘catervas
590 1560 799 1621 Germanorum
815 1562 855 1619 eis
872 1559 954 1620 Rhe-

266 1665 337 1703 num
360 1643 515 1704 colentium
543 1642 663 1702 Caecinae
689 1641 776 1703 tradit
798 1665 805 1699 ε
827 1643 952 1702 totidem

268 1726 423 1807 legiones,
456 1722 599 1803 duplicem
623 1725 765 1784 sociorum
801 1744 952 1784 numerum

267 1808 327 1886 ipse
350 1806 428 1867 ducit
450 1806 629 1885 :positoque
652 1804 766 1864 castello
789 1826 873 1883 super
891 1828 954 1866 ves-

271 1890 344 1971 tigia
367 1888 476 1967 paterni
498 1887 617 1966 praesidii
639 1890 669 1946 in
693 1906 791 1947 monte
820 1886 951 1958 Tauno,

270 1968 432 2051 expeditum
466 1970 619 2029 exercitum
638 1971 684 2029 in
716 1969 822 2030 Cattos
848 1971 953 2048 rapit3

268 2053 304 2112 L.
318 2052 448 2131 Apronio
466 2052 502 2111 ad
516 2053 690 2111 munitiones
702 2053 830 2119 viarum,
850 2059 878 2110 &
890 2054 951 2110 llu-

270 2136 383 2193 minum
396 2134 493 2192 relido
506 2158 513 2189 z
524 2154 609 2202 nam,
618 2154 711 2191 rarum
725 2133 768 2191 illi
779 2131 875 2201 coelo,
891 2135 952 2191 sic·
1025 2133 1026 2142 ’

270 2218 375 2283 citare,
391 2215 561 2275 &amnibus
576 2214 697 2274 modicis
713 2209 886 2273 inoffensum
900 2216 955 2273 iter

270 2316 483 2378 properaveram
501 2295 660 2377 imbresque
673 2296 866 2355 &fluminum
885 2318 954 2355 auc·
1023 2295 1024 2298 ’

273 2399 326 2441 tus·
348 2377 516 2461 regredienti
549 2379 734 2438 metuebatur.
766 2376 823 2437 Sed
854 2376 954 2438 Cattis
1022 2383 1023 2388 ’

272 2460 345 2521 adeo
364 2460 531 2539 improvisus
549 2458 683 2531 advenit,
702 2480 734 2520 ut
754 2458 835 2540 quod
859 2459 955 2518 imbe-
1020 2515 1021 2549 ¹

273 2542 370 2603 eillum
389 2562 469 2603 aetate
483 2562 515 2601 ac
528 2562 613 2609 sexu,
632 2539 726 2601 statim
746 2560 884 2620 captum,
904 2562 954 2601 aut
1019 2602 1020 2631 ¹

273 2624 444 2686 trucidatum
464 2624 508 2683 sit.
529 2624 664 2683 Juventus
679 2625 785 2682 flumen
803 2620 953 2683 Adranam
1018 2675 1019 2714 ¹

272 2705 954 2785 nandotramisetat,Romanosquepontemcoep·
1017 2759 1018 2794 ¹

274 2790 359 2853 tantis
375 2787 508 2851 arcebant
520 2810 527 2845 t
543 2786 610 2849 dein
623 2789 771 2848 tormentis
783 2786 955 2869 sagittisque
1016 2837 1017 2876 ¹
