2075 3659
264 291 335 360 ²90
396 268 433 337 C.
462 267 605 338 corn.
637 270 817 338 TAchr

263 407 387 450 mortem
409 407 545 470 aguntur,
567 407 582 445 e
601 387 793 449 vetustissimis
818 388 945 452 familia.

261 472 338 529 rium
362 465 499 527 Rhodum
527 470 631 539 secuti,
657 479 684 528 &
713 470 788 550 apud
818 472 944 552 Capreas

262 548 413 635 individui,
433 551 612 609 Vescularius
630 549 796 610 insidiarum
813 553 848 612 in
865 555 947 614 Libo·

263 653 330 694 nem
351 633 536 690 internuntius
557 655 563 688 ι
588 631 704 690 Marino
724 635 885 714 participe,
904 637 947 696 Se·

262 717 343 792 janus
361 712 495 774 Curtium
517 713 646 772 Atticum
668 735 845 792 oppresserat
867 715 946 798 :qud

261 793 351 854 laetitis
371 813 535 872 acceptum,
556 817 605 854 sua
626 795 752 874 exempla
778 797 809 855 in
834 799 947 858 consul-

263 893 338 936 tores
356 876 491 935 recidisse.
519 877 572 934 Per
596 875 673 934 idem
691 895 802 956 tempus
824 878 862 938 L.
886 880 948 940 Piso

262 957 411 1038 pontifex,
425 978 519 1016 rarum
537 959 567 1015 in
586 975 664 1016 tanta
681 957 870 1031 claritudine,
891 959 948 1020 fato

226 1100 230 1103 ,
263 1037 363 1108 obiit3
393 1039 497 1097 nullius
529 1039 633 1097 servilis
667 1041 811 1098 sententia
849 1063 948 1120 sponte

172 1192 176 1197 ἱ
262 1122 383 1190 auctor,
406 1129 434 1178 δι
455 1121 585 1199 quotiens
605 1122 754 1182 necessitas
779 1122 948 1204 ingrueret,

262 1201 401 1278 sapienter
425 1199 582 1260 moderans.
608 1199 720 1260 Patrem
738 1202 764 1259 ei
788 1207 949 1264 censorium

263 1279 347 1342 fuisse
376 1285 533 1341 memoravi
556 1305 563 1338 ε
590 1301 656 1341 aetas
676 1283 711 1344 ad
734 1285 949 1366 octogesimum

263 1385 372 1422 annum
405 1365 537 1444 processit
567 1385 574 1420 t
597 1362 679 1424 decus
715 1363 894 1444 triumphale
921 1369 949 1426 in

264 1441 391 1504 Thracia
419 1463 557 1504 meruerat
584 1468 591 1501 t
617 1444 665 1505 sed
688 1447 828 1524 praecipua
855 1469 893 1507 ex
917 1469 949 1507 eo

265 1527 375 1609 gloria,
396 1523 476 1606 qubd
498 1523 641 1605 praefectus
657 1526 719 1584 urbi
741 1527 860 1598 recens,
884 1551 950 1589 con·

204 1682 206 1684 ,
265 1609 376 1666 tinuam
395 1605 580 1687 potestatem,
599 1617 625 1666 &
652 1607 803 1668 insolentid
829 1611 950 1690 parendi

264 1691 444 1770 graviorem,
464 1689 534 1749 mird
554 1689 724 1768 temperavit

304 1769 357 1829 XI.
374 1770 508 1849 Namque
525 1789 623 1840 antea,
640 1769 771 1848 profectis
793 1768 890 1830 domo
904 1792 950 1830 re-

265 1849 370 1932 gibus,
398 1871 431 1909 ac
462 1872 529 1910 mox
561 1849 785 1933 magistratibus,
813 1873 849 1910 ne
883 1855 950 1914 urbs

264 1933 325 1992 sine
343 1933 461 2012 imperio
479 1931 570 2003 foret,
585 1933 615 1992 in
626 1950 735 2011 tempus
749 1932 949 2014 deligebatur,

287 2016 316 2072 ui
334 2019 377 2093 jus
401 2013 550 2084 redderet,
578 2034 611 2071 ac
637 2015 733 2073 subitis
758 2014 948 2074 mederetur:

265 2035 414 2177 ieruntque
443 2094 480 2154 ab
506 2093 632 2154 Romulo
659 2095 796 2154 Dentrem
832 2095 949 2155 Romu-

265 2175 356 2249 lium,
367 2173 430 2257 pdst
437 2176 474 2236 ab
487 2175 576 2235 Tullo
588 2173 715 2236 Hostilio
726 2175 855 2235 Numam
864 2178 949 2237 Mar·
1024 2201 1025 2208 ¹

192 2296 195 2303 ι
266 2260 360 2329 cium,
378 2268 406 2318 &
425 2257 464 2337 ab
482 2257 641 2338 Tarquinio
664 2258 790 2337 Superbo
810 2258 947 2337 Spurium

264 2337 427 2398 Lucretium
442 2341 590 2419 impositos
607 2363 614 2395 ι
634 2338 699 2398 dein
714 2339 840 2399 consules
859 2359 949 2400 man-

266 2417 401 2480 dabant:
426 2419 562 2502 duratque
587 2421 790 2492 simulacrum,
812 2423 948 2500 quotiens
1024 2453 1025 2483 r

265 2502 305 2561 ob
321 2500 403 2562 ferias
421 2502 536 2563 Latinas
550 2499 712 2580 praeficitur,
730 2503 780 2582 qui
798 2503 948 2561 consulare
1024 2511 1025 2556 l

266 2604 368 2644 munus
392 2603 511 2662 usurpet.
541 2581 675 2644 Ceterum
702 2579 844 2664 Augustus
863 2582 949 2643 bellis
1024 2611 1025 2620 2

267 2665 396 2726 civilibus
424 2665 555 2726 Cilnium
576 2665 788 2734 Maecenatem,
814 2661 950 2804 epuestris

266 2746 506 2820 ordinis,cunctis
516 2745 590 2832 apud
600 2745 725 2806 Romam
735 2763 819 2825 atque
847 2745 950 2805 taliam
