<?xml version="1.0" encoding="UTF-8"?>
<!DOCTYPE html PUBLIC "-//W3C//DTD XHTML 1.0 Transitional//EN"
    "http://www.w3.org/TR/xhtml1/DTD/xhtml1-transitional.dtd">
<html xmlns="http://www.w3.org/1999/xhtml" xml:lang="en" lang="en">
 <head>
  <title>
</title>
<meta http-equiv="Content-Type" content="text/html;charset=utf-8" />
  <meta name='ocr-system' content='tesseract 3.04.00' />
  <meta name='ocr-capabilities' content='ocr_page ocr_carea ocr_par ocr_line ocrx_word'/>
</head>
<body>
  <div class='ocr_page' id='page_1' title='image "./ccorneliitaciti02lallgoog_0145.png"; bbox 0 0 2075 3659; ppageno 0'>
   <div class='ocr_carea' id='block_1_1' title="bbox 217 226 767 359">
    <p class='ocr_par' dir='ltr' id='par_1_1' title="bbox 217 226 767 359">
     <span class='ocr_line' id='line_1_1' title="bbox 217 226 767 359; baseline 0.007 -22"><span class='ocrx_word' id='word_1_1' title='bbox 217 226 465 339; x_wconf 67' lang='lat' dir='ltr'>Arimara</span> <span class='ocrx_word' id='word_1_2' title='bbox 489 271 575 341; x_wconf 76' lang='lat' dir='ltr'>Lm.</span> <span class='ocrx_word' id='word_1_3' title='bbox 601 271 651 341; x_wconf 87' lang='lat' dir='ltr'>II.</span> <span class='ocrx_word' id='word_1_4' title='bbox 706 297 767 359; x_wconf 80' lang='lat'>113</span> 
     </span>
    </p>
   </div>
   <div class='ocr_carea' id='block_1_2' title="bbox 86 388 781 2826">
    <p class='ocr_par' dir='ltr' id='par_1_2' title="bbox 86 388 776 1018">
     <span class='ocr_line' id='line_1_2' title="bbox 86 388 773 461; baseline 0.007 -12"><span class='ocrx_word' id='word_1_5' title='bbox 86 388 207 449; x_wconf 81' lang='lat' dir='ltr'>inloto</span> <span class='ocrx_word' id='word_1_6' title='bbox 225 389 313 449; x_wconf 84' lang='lat' dir='ltr'>aedem</span> <span class='ocrx_word' id='word_1_7' title='bbox 336 391 442 461; x_wconf 80' lang='lat' dir='ltr'>Florae,</span> <span class='ocrx_word' id='word_1_8' title='bbox 458 391 605 451; x_wconf 87' lang='lat' dir='ltr'>abLucio</span> <span class='ocrx_word' id='word_1_9' title='bbox 625 402 652 453; x_wconf 88' lang='lat'>&amp;</span> <span class='ocrx_word' id='word_1_10' title='bbox 671 394 773 454; x_wconf 83' lang='lat' dir='ltr'>Marco</span> 
     </span>
     <span class='ocr_line' id='line_1_3' title="bbox 86 470 772 543; baseline 0.006 -14"><span class='ocrx_word' id='word_1_11' title='bbox 86 470 231 529; x_wconf 89' lang='lat' dir='ltr'>Publiciis</span> <span class='ocrx_word' id='word_1_12' title='bbox 257 471 382 531; x_wconf 85' lang='lat' dir='ltr'>aedilibus</span> <span class='ocrx_word' id='word_1_13' title='bbox 409 471 591 533; x_wconf 83' lang='lat' dir='ltr'>constitutam</span> <span class='ocrx_word' id='word_1_14' title='bbox 603 496 613 543; x_wconf 82' lang='lat'>3</span> <span class='ocrx_word' id='word_1_15' title='bbox 646 482 672 535; x_wconf 78' lang='grc' dir='ltr'>δι</span> <span class='ocrx_word' id='word_1_16' title='bbox 700 474 772 535; x_wconf 80' lang='lat' dir='ltr'>lano</span> 
     </span>
     <span class='ocr_line' id='line_1_4' title="bbox 88 551 774 633; baseline 0.003 -22"><span class='ocrx_word' id='word_1_17' title='bbox 88 551 256 631; x_wconf 87' lang='lat' dir='ltr'>templum,</span> <span class='ocrx_word' id='word_1_18' title='bbox 282 552 360 633; x_wconf 90' lang='lat' dir='ltr'>quod</span> <span class='ocrx_word' id='word_1_19' title='bbox 391 553 466 633; x_wconf 90' lang='lat' dir='ltr'>apud</span> <span class='ocrx_word' id='word_1_20' title='bbox 497 554 592 615; x_wconf 87' lang='lat' dir='ltr'>forum</span> <span class='ocrx_word' id='word_1_21' title='bbox 625 554 774 614; x_wconf 89' lang='lat' dir='ltr'>olitorium</span> 
     </span>
     <span class='ocr_line' id='line_1_5' title="bbox 90 631 774 716; baseline 0.003 -23"><span class='ocrx_word' id='word_1_22' title='bbox 90 632 132 693; x_wconf 86' lang='lat' dir='ltr'>C.</span> <span class='ocrx_word' id='word_1_23' title='bbox 161 633 288 693; x_wconf 82' lang='lat' dir='ltr'>Duillius</span> <span class='ocrx_word' id='word_1_24' title='bbox 314 631 472 705; x_wconf 82' lang='lat' dir='ltr'>struxerat,</span> <span class='ocrx_word' id='word_1_25' title='bbox 503 637 554 716; x_wconf 91' lang='lat' dir='ltr'>qui</span> <span class='ocrx_word' id='word_1_26' title='bbox 582 636 687 715; x_wconf 87' lang='lat' dir='ltr'>primus</span> <span class='ocrx_word' id='word_1_27' title='bbox 715 658 774 695; x_wconf 87' lang='lat' dir='ltr'>rem</span> 
     </span>
     <span class='ocr_line' id='line_1_6' title="bbox 86 713 776 797; baseline 0.003 -24"><span class='ocrx_word' id='word_1_28' title='bbox 86 713 260 773; x_wconf 85' lang='lat' dir='ltr'>Romanam</span> <span class='ocrx_word' id='word_1_29' title='bbox 285 717 414 795; x_wconf 67' lang='lat' dir='ltr'>prospere</span> <span class='ocrx_word' id='word_1_30' title='bbox 443 717 516 774; x_wconf 84' lang='lat' dir='ltr'>mari</span> <span class='ocrx_word' id='word_1_31' title='bbox 545 717 651 797; x_wconf 82' lang='lat' dir='ltr'>gessit,</span> <span class='ocrx_word' id='word_1_32' title='bbox 678 718 776 776; x_wconf 84' lang='lat' dir='ltr'>trium-</span> 
     </span>
     <span class='ocr_line' id='line_1_7' title="bbox 88 790 775 875; baseline 0.009 -24"><span class='ocrx_word' id='word_1_33' title='bbox 88 790 240 875; x_wconf 84' lang='lat' dir='ltr'>phumque</span> <span class='ocrx_word' id='word_1_34' title='bbox 262 797 394 855; x_wconf 85' lang='lat' dir='ltr'>navalem</span> <span class='ocrx_word' id='word_1_35' title='bbox 417 795 452 854; x_wconf 89' lang='lat' dir='ltr'>de</span> <span class='ocrx_word' id='word_1_36' title='bbox 467 796 561 855; x_wconf 82' lang='lat' dir='ltr'>Poenis</span> <span class='ocrx_word' id='word_1_37' title='bbox 582 799 691 857; x_wconf 86' lang='lat' dir='ltr'>meruit.</span> <span class='ocrx_word' id='word_1_38' title='bbox 709 800 775 875; x_wconf 84' lang='lat' dir='ltr'>Spei</span> 
     </span>
     <span class='ocr_line' id='line_1_8' title="bbox 89 874 775 939; baseline 0.006 -4"><span class='ocrx_word' id='word_1_39' title='bbox 89 875 166 935; x_wconf 83' lang='lat' dir='ltr'>aedes</span> <span class='ocrx_word' id='word_1_40' title='bbox 186 898 203 935; x_wconf 91' lang='lat' dir='ltr'>a</span> <span class='ocrx_word' id='word_1_41' title='bbox 219 876 393 937; x_wconf 87' lang='lat' dir='ltr'>Germanico</span> <span class='ocrx_word' id='word_1_42' title='bbox 410 897 532 937; x_wconf 81' lang='lat' dir='ltr'>sacratur</span> <span class='ocrx_word' id='word_1_43' title='bbox 551 900 557 934; x_wconf 91' lang='lat'>:</span> <span class='ocrx_word' id='word_1_44' title='bbox 577 874 649 937; x_wconf 87' lang='lat' dir='ltr'>hanc</span> <span class='ocrx_word' id='word_1_45' title='bbox 672 878 775 939; x_wconf 84' lang='lat' dir='ltr'>Atilius</span> 
     </span>
     <span class='ocr_line' id='line_1_9' title="bbox 88 957 443 1018; baseline -0.003 0"><span class='ocrx_word' id='word_1_46' title='bbox 88 978 214 1018; x_wconf 83' lang='lat' dir='ltr'>voverat</span> <span class='ocrx_word' id='word_1_47' title='bbox 236 958 337 1017; x_wconf 88' lang='lat' dir='ltr'>eodem</span> <span class='ocrx_word' id='word_1_48' title='bbox 359 957 443 1017; x_wconf 84' lang='lat' dir='ltr'>bello.</span> 
     </span>
    </p>

    <p class='ocr_par' dir='ltr' id='par_1_3' title="bbox 92 1036 781 2727">
     <span class='ocr_line' id='line_1_10' title="bbox 135 1036 773 1119; baseline 0.009 -23"><span class='ocrx_word' id='word_1_49' title='bbox 135 1036 172 1097; x_wconf 90' lang='lat' dir='ltr'>L.</span> <span class='ocrx_word' id='word_1_50' title='bbox 195 1036 384 1099; x_wconf 84' lang='lat' dir='ltr'>Adolescebat</span> <span class='ocrx_word' id='word_1_51' title='bbox 410 1040 514 1099; x_wconf 87' lang='lat' dir='ltr'>interea</span> <span class='ocrx_word' id='word_1_52' title='bbox 536 1038 580 1099; x_wconf 85' lang='lat' dir='ltr'>lex</span> <span class='ocrx_word' id='word_1_53' title='bbox 602 1038 773 1119; x_wconf 77' lang='lat' dir='ltr'>majestatis3</span> 
     </span>
     <span class='ocr_line' id='line_1_11' title="bbox 93 1120 776 1205; baseline 0.003 -26"><span class='ocrx_word' id='word_1_54' title='bbox 93 1128 122 1179; x_wconf 87' lang='lat'>&amp;</span> <span class='ocrx_word' id='word_1_55' title='bbox 134 1120 288 1199; x_wconf 80' lang='lat' dir='ltr'>Apuleiam</span> <span class='ocrx_word' id='word_1_56' title='bbox 304 1121 446 1179; x_wconf 77' lang='lat' dir='ltr'>Variliam</span> <span class='ocrx_word' id='word_1_57' title='bbox 460 1123 561 1181; x_wconf 86' lang='lat' dir='ltr'>sororis</span> <span class='ocrx_word' id='word_1_58' title='bbox 575 1120 693 1205; x_wconf 83' lang='lat' dir='ltr'>Augusti</span> <span class='ocrx_word' id='word_1_59' title='bbox 709 1144 776 1203; x_wconf 72' lang='lat' dir='ltr'>nep-</span> 
     </span>
     <span class='ocr_line' id='line_1_12' title="bbox 92 1201 774 1281; baseline 0.006 -20"><span class='ocrx_word' id='word_1_60' title='bbox 92 1221 156 1261; x_wconf 90' lang='lat' dir='ltr'>tem</span> <span class='ocrx_word' id='word_1_61' title='bbox 172 1247 185 1270; x_wconf 89' lang='lat'>,</span> <span class='ocrx_word' id='word_1_62' title='bbox 215 1203 282 1281; x_wconf 88' lang='lat' dir='ltr'>quia</span> <span class='ocrx_word' id='word_1_63' title='bbox 310 1201 450 1281; x_wconf 77' lang='lat' dir='ltr'>probrosis</span> <span class='ocrx_word' id='word_1_64' title='bbox 473 1202 647 1263; x_wconf 82' lang='lat' dir='ltr'>sermonibus</span> <span class='ocrx_word' id='word_1_65' title='bbox 676 1203 774 1265; x_wconf 87' lang='lat' dir='ltr'>divum</span> 
     </span>
     <span class='ocr_line' id='line_1_13' title="bbox 93 1279 775 1365; baseline 0.009 -24"><span class='ocrx_word' id='word_1_66' title='bbox 93 1279 277 1365; x_wconf 81' lang='lat' dir='ltr'>Augustum,</span> <span class='ocrx_word' id='word_1_67' title='bbox 296 1304 329 1341; x_wconf 89' lang='lat' dir='ltr'>ac</span> <span class='ocrx_word' id='word_1_68' title='bbox 348 1282 514 1353; x_wconf 86' lang='lat' dir='ltr'>Tiberium,</span> <span class='ocrx_word' id='word_1_69' title='bbox 535 1292 562 1343; x_wconf 90' lang='lat'>&amp;</span> <span class='ocrx_word' id='word_1_70' title='bbox 579 1303 698 1345; x_wconf 85' lang='lat' dir='ltr'>matrem</span> <span class='ocrx_word' id='word_1_71' title='bbox 717 1291 775 1363; x_wconf 82' lang='lat' dir='ltr'>ejus</span> 
     </span>
     <span class='ocr_line' id='line_1_14' title="bbox 92 1363 773 1443; baseline 0.004 -21"><span class='ocrx_word' id='word_1_72' title='bbox 92 1364 258 1435; x_wconf 82' lang='lat' dir='ltr'>inlusisset,</span> <span class='ocrx_word' id='word_1_73' title='bbox 293 1363 454 1443; x_wconf 85' lang='lat' dir='ltr'>Caesarique</span> <span class='ocrx_word' id='word_1_74' title='bbox 481 1385 607 1425; x_wconf 88' lang='lat' dir='ltr'>connexa</span> <span class='ocrx_word' id='word_1_75' title='bbox 635 1364 773 1425; x_wconf 86' lang='lat' dir='ltr'>adulterio</span> 
     </span>
     <span class='ocr_line' id='line_1_15' title="bbox 95 1444 774 1523; baseline 0.006 -18"><span class='ocrx_word' id='word_1_76' title='bbox 95 1465 258 1515; x_wconf 89' lang='lat' dir='ltr'>teneretur,</span> <span class='ocrx_word' id='word_1_77' title='bbox 295 1444 445 1523; x_wconf 87' lang='lat' dir='ltr'>majestatis</span> <span class='ocrx_word' id='word_1_78' title='bbox 474 1444 584 1504; x_wconf 83' lang='lat' dir='ltr'>delator</span> <span class='ocrx_word' id='word_1_79' title='bbox 611 1448 774 1508; x_wconf 87' lang='lat' dir='ltr'>arcessebat.</span> 
     </span>
     <span class='ocr_line' id='line_1_16' title="bbox 95 1525 775 1604; baseline 0 -19"><span class='ocrx_word' id='word_1_80' title='bbox 95 1525 144 1586; x_wconf 87' lang='lat' dir='ltr'>De</span> <span class='ocrx_word' id='word_1_81' title='bbox 161 1526 296 1585; x_wconf 71' lang='lat' dir='ltr'>adulterio</span> <span class='ocrx_word' id='word_1_82' title='bbox 308 1528 381 1585; x_wconf 81' lang='lat' dir='ltr'>satis</span> <span class='ocrx_word' id='word_1_83' title='bbox 397 1527 491 1587; x_wconf 76' lang='lat' dir='ltr'>caveri</span> <span class='ocrx_word' id='word_1_84' title='bbox 500 1526 557 1604; x_wconf 77' lang='lat' dir='ltr'>lege</span> <span class='ocrx_word' id='word_1_85' title='bbox 567 1525 645 1585; x_wconf 71' lang='lat' dir='ltr'>Iulia</span> <span class='ocrx_word' id='word_1_86' title='bbox 658 1529 747 1585; x_wconf 91' lang='lat' dir='ltr'>visum</span> <span class='ocrx_word' id='word_1_87' title='bbox 767 1552 775 1585; x_wconf 68' lang='grc' dir='ltr'><strong><em>ι</em></strong></span> 
     </span>
     <span class='ocr_line' id='line_1_17' title="bbox 96 1605 777 1689; baseline 0 -23"><span class='ocrx_word' id='word_1_88' title='bbox 96 1608 248 1689; x_wconf 75' lang='lat' dir='ltr'>majestatis</span> <span class='ocrx_word' id='word_1_89' title='bbox 271 1608 372 1665; x_wconf 84' lang='lat' dir='ltr'>crimen</span> <span class='ocrx_word' id='word_1_90' title='bbox 389 1607 518 1688; x_wconf 66' lang='lat' dir='ltr'>exstingui</span> <span class='ocrx_word' id='word_1_91' title='bbox 541 1605 635 1666; x_wconf 84' lang='lat' dir='ltr'>Caesar</span> <span class='ocrx_word' id='word_1_92' title='bbox 654 1606 777 1687; x_wconf 80' lang='lat' dir='ltr'>postula-</span> 
     </span>
     <span class='ocr_line' id='line_1_18' title="bbox 96 1686 777 1769; baseline -0.003 -20"><span class='ocrx_word' id='word_1_93' title='bbox 96 1690 141 1749; x_wconf 75' lang='lat' dir='ltr'>vit</span> <span class='ocrx_word' id='word_1_94' title='bbox 150 1712 161 1759; x_wconf 86' lang='lat'>3</span> <span class='ocrx_word' id='word_1_95' title='bbox 181 1690 355 1765; x_wconf 79' lang='lat' dir='ltr'>damnarique</span> <span class='ocrx_word' id='word_1_96' title='bbox 373 1690 401 1746; x_wconf 86' lang='lat' dir='ltr'>si</span> <span class='ocrx_word' id='word_1_97' title='bbox 418 1710 470 1764; x_wconf 78' lang='lat' dir='ltr'>qua</span> <span class='ocrx_word' id='word_1_98' title='bbox 490 1691 523 1746; x_wconf 84' lang='lat' dir='ltr'>dc</span> <span class='ocrx_word' id='word_1_99' title='bbox 541 1686 661 1769; x_wconf 75' lang='lat' dir='ltr'>Augusto</span> <span class='ocrx_word' id='word_1_100' title='bbox 684 1690 777 1749; x_wconf 83' lang='lat' dir='ltr'>inreli-</span> 
     </span>
     <span class='ocr_line' id='line_1_19' title="bbox 94 1764 778 1850; baseline 0.003 -22"><span class='ocrx_word' id='word_1_101' title='bbox 94 1764 174 1850; x_wconf 55' lang='lat' dir='ltr'>giosi</span> <span class='ocrx_word' id='word_1_102' title='bbox 190 1770 309 1829; x_wconf 79' lang='lat' dir='ltr'>dixisset</span> <span class='ocrx_word' id='word_1_103' title='bbox 323 1794 333 1828; x_wconf 93' lang='grc'>.·</span> <span class='ocrx_word' id='word_1_104' title='bbox 347 1770 377 1827; x_wconf 87' lang='lat' dir='ltr'>irt</span> <span class='ocrx_word' id='word_1_105' title='bbox 388 1771 502 1849; x_wconf 65' lang='lat' dir='ltr'>sejacia</span> <span class='ocrx_word' id='word_1_106' title='bbox 514 1770 586 1830; x_wconf 84' lang='lat' dir='ltr'>nolle</span> <span class='ocrx_word' id='word_1_107' title='bbox 600 1774 638 1829; x_wconf 86' lang='lat' dir='ltr'>ad</span> <span class='ocrx_word' id='word_1_108' title='bbox 648 1772 778 1848; x_wconf 78' lang='lat' dir='ltr'>cognitio·</span> 
     </span>
     <span class='ocr_line' id='line_1_20' title="bbox 97 1850 776 1932; baseline 0.004 -22"><span class='ocrx_word' id='word_1_109' title='bbox 97 1874 162 1911; x_wconf 85' lang='lat' dir='ltr'>nem</span> <span class='ocrx_word' id='word_1_110' title='bbox 175 1852 280 1912; x_wconf 74' lang='lat' dir='ltr'>vocari.</span> <span class='ocrx_word' id='word_1_111' title='bbox 299 1850 519 1932; x_wconf 81' lang='lat' dir='ltr'>interrogatusa</span> <span class='ocrx_word' id='word_1_112' title='bbox 539 1850 651 1910; x_wconf 88' lang='lat' dir='ltr'>consule</span> <span class='ocrx_word' id='word_1_113' title='bbox 667 1853 776 1927; x_wconf 82' lang='lat' dir='ltr'>quidde</span> 
     </span>
     <span class='ocr_line' id='line_1_21' title="bbox 97 1932 778 2011; baseline 0.001 -20"><span class='ocrx_word' id='word_1_114' title='bbox 97 1932 144 1993; x_wconf 73' lang='lat' dir='ltr'>his</span> <span class='ocrx_word' id='word_1_115' title='bbox 162 1950 300 2004; x_wconf 79' lang='lat' dir='ltr'>censeret,</span> <span class='ocrx_word' id='word_1_116' title='bbox 319 1954 375 2009; x_wconf 77' lang='lat' dir='ltr'>que</span> <span class='ocrx_word' id='word_1_117' title='bbox 390 1935 422 1990; x_wconf 81' lang='lat' dir='ltr'>de</span> <span class='ocrx_word' id='word_1_118' title='bbox 434 1950 519 1989; x_wconf 84' lang='lat' dir='ltr'>matre</span> <span class='ocrx_word' id='word_1_119' title='bbox 530 1933 587 2011; x_wconf 85' lang='lat' dir='ltr'>ejus</span> <span class='ocrx_word' id='word_1_120' title='bbox 599 1934 688 1989; x_wconf 82' lang='lat' dir='ltr'>locuta</span> <span class='ocrx_word' id='word_1_121' title='bbox 700 1955 778 1992; x_wconf 82' lang='lat' dir='ltr'>secus</span> 
     </span>
     <span class='ocr_line' id='line_1_22' title="bbox 97 2012 781 2093; baseline -0.001 -21"><span class='ocrx_word' id='word_1_122' title='bbox 97 2032 273 2093; x_wconf 79' lang='lat' dir='ltr'>argueretur,</span> <span class='ocrx_word' id='word_1_123' title='bbox 295 2014 406 2073; x_wconf 88' lang='lat' dir='ltr'>reticuit</span> <span class='ocrx_word' id='word_1_124' title='bbox 434 2035 440 2068; x_wconf 75' lang='grc' dir='ltr'>ε</span> <span class='ocrx_word' id='word_1_125' title='bbox 463 2012 529 2070; x_wconf 88' lang='lat' dir='ltr'>dein</span> <span class='ocrx_word' id='word_1_126' title='bbox 549 2014 680 2090; x_wconf 82' lang='lat' dir='ltr'>proximo</span> <span class='ocrx_word' id='word_1_127' title='bbox 702 2033 781 2072; x_wconf 84' lang='lat' dir='ltr'>sena-</span> 
     </span>
     <span class='ocr_line' id='line_1_23' title="bbox 100 2092 779 2174; baseline -0.001 -19"><span class='ocrx_word' id='word_1_128' title='bbox 100 2093 146 2156; x_wconf 79' lang='lat' dir='ltr'>tits</span> <span class='ocrx_word' id='word_1_129' title='bbox 167 2095 229 2166; x_wconf 90' lang='lat' dir='ltr'>die,</span> <span class='ocrx_word' id='word_1_130' title='bbox 250 2096 324 2153; x_wconf 86' lang='lat' dir='ltr'>illins</span> <span class='ocrx_word' id='word_1_131' title='bbox 340 2114 453 2174; x_wconf 86' lang='lat' dir='ltr'>quoque</span> <span class='ocrx_word' id='word_1_132' title='bbox 472 2092 589 2151; x_wconf 87' lang='lat' dir='ltr'>nomine</span> <span class='ocrx_word' id='word_1_133' title='bbox 611 2094 724 2162; x_wconf 87' lang='lat' dir='ltr'>oravit,</span> <span class='ocrx_word' id='word_1_134' title='bbox 745 2117 779 2154; x_wconf 87' lang='lat' dir='ltr'>rte</span> 
     </span>
     <span class='ocr_line' id='line_1_24' title="bbox 100 2170 780 2251; baseline -0.006 -14"><span class='ocrx_word' id='word_1_135' title='bbox 100 2179 146 2237; x_wconf 86' lang='lat' dir='ltr'>cui</span> <span class='ocrx_word' id='word_1_136' title='bbox 157 2175 241 2238; x_wconf 77' lang='lat' dir='ltr'>uerba</span> <span class='ocrx_word' id='word_1_137' title='bbox 252 2177 282 2234; x_wconf 79' lang='lat' dir='ltr'>irc</span> <span class='ocrx_word' id='word_1_138' title='bbox 291 2199 350 2234; x_wconf 87' lang='lat' dir='ltr'>eam</span> <span class='ocrx_word' id='word_1_139' title='bbox 359 2196 460 2251; x_wconf 85' lang='lat' dir='ltr'>quoquo</span> <span class='ocrx_word' id='word_1_140' title='bbox 471 2176 550 2231; x_wconf 84' lang='lat' dir='ltr'>modo</span> <span class='ocrx_word' id='word_1_141' title='bbox 563 2170 658 2231; x_wconf 80' lang='lat' dir='ltr'>habita</span> <span class='ocrx_word' id='word_1_142' title='bbox 666 2174 780 2233; x_wconf 82' lang='lat' dir='ltr'>crimini</span> 
     </span>
     <span class='ocr_line' id='line_1_25' title="bbox 92 2254 779 2337; baseline -0.004 -20"><span class='ocrx_word' id='word_1_143' title='bbox 92 2259 190 2337; x_wconf 85' lang='lat' dir='ltr'>forent</span> <span class='ocrx_word' id='word_1_144' title='bbox 207 2255 418 2336; x_wconf 83' lang='lat' dir='ltr'>:liberavitque</span> <span class='ocrx_word' id='word_1_145' title='bbox 431 2254 583 2333; x_wconf 87' lang='lat' dir='ltr'>Apuleiam</span> <span class='ocrx_word' id='word_1_146' title='bbox 600 2254 661 2335; x_wconf 85' lang='lat' dir='ltr'>lege</span> <span class='ocrx_word' id='word_1_147' title='bbox 681 2260 779 2335; x_wconf 82' lang='lat' dir='ltr'>majes-</span> 
     </span>
     <span class='ocr_line' id='line_1_26' title="bbox 101 2335 779 2419; baseline -0.006 -20"><span class='ocrx_word' id='word_1_148' title='bbox 101 2340 190 2409; x_wconf 74' lang='lat' dir='ltr'>tatis,</span> <span class='ocrx_word' id='word_1_149' title='bbox 210 2336 342 2397; x_wconf 84' lang='lat' dir='ltr'>adulterii</span> <span class='ocrx_word' id='word_1_150' title='bbox 365 2336 523 2419; x_wconf 86' lang='lat' dir='ltr'>graviorem</span> <span class='ocrx_word' id='word_1_151' title='bbox 547 2356 661 2415; x_wconf 70' lang='lat' dir='ltr'>poenam</span> <span class='ocrx_word' id='word_1_152' title='bbox 685 2335 779 2416; x_wconf 89' lang='lat' dir='ltr'>depre-</span> 
     </span>
     <span class='ocr_line' id='line_1_27' title="bbox 100 2418 778 2498; baseline -0.004 -18"><span class='ocrx_word' id='word_1_153' title='bbox 100 2420 200 2491; x_wconf 77' lang='lat' dir='ltr'>catus,</span> <span class='ocrx_word' id='word_1_154' title='bbox 223 2438 275 2489; x_wconf 84' lang='lat' dir='ltr'>ur,</span> <span class='ocrx_word' id='word_1_155' title='bbox 296 2420 417 2491; x_wconf 86' lang='lat' dir='ltr'>exemplo</span> <span class='ocrx_word' id='word_1_156' title='bbox 443 2418 598 2498; x_wconf 81' lang='lat' dir='ltr'>majorum,</span> <span class='ocrx_word' id='word_1_157' title='bbox 617 2420 778 2494; x_wconf 77' lang='lat' dir='ltr'>propinquis</span> 
     </span>
     <span class='ocr_line' id='line_1_28' title="bbox 100 2497 780 2571; baseline -0.007 -10"><span class='ocrx_word' id='word_1_158' title='bbox 100 2502 163 2561; x_wconf 75' lang='lat' dir='ltr'>suis</span> <span class='ocrx_word' id='word_1_159' title='bbox 181 2500 254 2559; x_wconf 86' lang='lat' dir='ltr'>ultra</span> <span class='ocrx_word' id='word_1_160' title='bbox 271 2500 480 2559; x_wconf 81' lang='lat' dir='ltr'>ducentesimum</span> <span class='ocrx_word' id='word_1_161' title='bbox 498 2497 617 2571; x_wconf 75' lang='lat' dir='ltr'>lapidem</span> <span class='ocrx_word' id='word_1_162' title='bbox 635 2521 780 2558; x_wconf 76' lang='lat' dir='ltr'>removere-</span> 
     </span>
     <span class='ocr_line' id='line_1_29' title="bbox 102 2577 780 2660; baseline -0.007 -18"><span class='ocrx_word' id='word_1_163' title='bbox 102 2601 149 2642; x_wconf 87' lang='lat' dir='ltr'>tur</span> <span class='ocrx_word' id='word_1_164' title='bbox 173 2580 268 2641; x_wconf 85' lang='lat' dir='ltr'>suasit.</span> <span class='ocrx_word' id='word_1_165' title='bbox 291 2579 429 2639; x_wconf 84' lang='lat' dir='ltr'>Adultero</span> <span class='ocrx_word' id='word_1_166' title='bbox 454 2578 569 2636; x_wconf 90' lang='lat' dir='ltr'>Manlio</span> <span class='ocrx_word' id='word_1_167' title='bbox 591 2577 675 2639; x_wconf 61' lang='lat' dir='ltr'>Itali&amp;</span> <span class='ocrx_word' id='word_1_168' title='bbox 695 2598 780 2660; x_wconf 83' lang='lat' dir='ltr'>atque</span> 
     </span>
     <span class='ocr_line' id='line_1_30' title="bbox 101 2656 466 2727; baseline -0.03 0"><span class='ocrx_word' id='word_1_169' title='bbox 101 2661 202 2727; x_wconf 71' lang='lat' dir='ltr'>Africa</span> <span class='ocrx_word' id='word_1_170' title='bbox 222 2661 401 2723; x_wconf 59' lang='lat' dir='ltr'>interdicitum</span> <span class='ocrx_word' id='word_1_171' title='bbox 420 2656 466 2717; x_wconf 88' lang='lat' dir='ltr'>est.</span> 
     </span>
    </p>

    <p class='ocr_par' dir='ltr' id='par_1_4' title="bbox 144 2737 780 2826">
     <span class='ocr_line' id='line_1_31' title="bbox 144 2737 780 2826; baseline -0.011 -20"><span class='ocrx_word' id='word_1_172' title='bbox 144 2742 194 2806; x_wconf 87' lang='lat' dir='ltr'>LI.</span> <span class='ocrx_word' id='word_1_173' title='bbox 209 2742 255 2805; x_wconf 89' lang='lat' dir='ltr'>De</span> <span class='ocrx_word' id='word_1_174' title='bbox 267 2762 382 2826; x_wconf 75' lang='lat' dir='ltr'>praetore</span> <span class='ocrx_word' id='word_1_175' title='bbox 397 2742 427 2800; x_wconf 88' lang='lat' dir='ltr'>in</span> <span class='ocrx_word' id='word_1_176' title='bbox 437 2740 533 2801; x_wconf 86' lang='lat' dir='ltr'>locum</span> <span class='ocrx_word' id='word_1_177' title='bbox 540 2740 571 2803; x_wconf 84' lang='lat' dir='ltr'>V</span> <span class='ocrx_word' id='word_1_178' title='bbox 573 2740 674 2823; x_wconf 77' lang='lat' dir='ltr'>ipsanii</span> <span class='ocrx_word' id='word_1_179' title='bbox 686 2737 780 2811; x_wconf 84' lang='lat' dir='ltr'>Galli,</span> 
     </span>
    </p>
   </div>
   <div class='ocr_carea' id='block_1_3' title="bbox 0 0 1058 3659">
    <p class='ocr_par' dir='ltr' id='par_1_5' title="bbox 0 0 1058 3659">
     <span class='ocr_line' id='line_1_32' title="bbox 0 0 1058 3659; baseline 0 0"><span class='ocrx_word' id='word_1_180' title='bbox 0 0 1058 3659; x_wconf 95' lang='lat' dir='ltr'> </span> 
     </span>
    </p>
   </div>
  </div>
 </body>
</html>
