2075 3659
242 285 276 383 ,⁸
381 281 417 369 C.
447 282 586 348 coar,
618 273 803 346 TAcm

254 400 368 461 Livia:
388 420 507 481 gnarum
527 398 557 456 id
579 397 684 459 Caesari
706 420 712 453 :
733 417 824 477 neque
841 394 935 457 multo
1018 402 1022 412 '

256 478 348 561 post,
381 478 515 539 exstincto
544 480 675 539 Maximo
712 478 865 548 (dubium
898 501 937 538 an

256 563 371 641 quaesita
395 570 514 636 morte)
542 560 654 620 auditos
682 561 712 617 in
736 557 833 617 funere
855 564 936 637 ejus,

257 643 376 711 Marcia„
399 645 520 725 gemitus
546 662 634 701 semet
658 642 838 710 incusantis,
867 641 941 717 quod

257 746 342 785 causa
353 725 437 783 exitii
450 726 552 783 marito
557 724 672 801 fuisset.
687 723 852 801 Utcumque
864 742 892 781 se
905 743 939 782 ea

258 827 300 865 res
311 803 411 865 habuit
422 851 431 878 ,
444 804 562 865 vixdum
580 800 712 886 ingrellus
723 803 866 883 Illyricum
878 802 938 862 Ti-

259 887 382 957 botius,
408 888 530 965 properis
559 888 655 944 matris
683 885 782 944 litteris
807 886 939 944 accitur:

259 988 351 1047 neque
371 969 437 1027 satis
459 986 635 1046 compertum
652 963 710 1036 est,
724 967 876 1045 spirantem
891 966 940 1025 ad-

258 1046 315 1105 huc
340 1045 498 1129 Augustum
521 1046 596 1126 apud
616 1047 716 1106 urbem
737 1046 874 1117 Nolam,
903 1070 940 1107 an

172 1125 175 1131 ’
260 1129 422 1189 exanimem
438 1127 579 1209 repererit.
601 1128 722 1188 Acribus
741 1149 866 1208 namque
890 1151 941 1188 cu-

260 1209 359 1270 stodiis
386 1209 505 1269 domum
535 1218 563 1269 &
593 1212 652 1268 vias
681 1230 799 1289 sepserat
827 1210 940 1269 Livia:

260 1292 373 1372 latique
391 1290 534 1351 interdum
551 1293 644 1351 nuntii
660 1290 850 1373 vulgabantur
863 1314 874 1362 3
887 1290 942 1351 do·

262 1394 314 1431 nec
335 1374 480 1451 provisis,
502 1394 563 1453 quat
587 1392 696 1452 tempus
715 1372 874 1442 monebat,
897 1374 941 1433 si-

197 1523 198 1533 p
263 1454 324 1513 mul
346 1451 484 1516 excessisse
502 1452 681 1537 Augustum,
705 1460 733 1513 &
752 1473 843 1512 rerum
864 1455 943 1534 poti-

263 1537 288 1593 ri
312 1535 457 1595 Neronem
481 1533 559 1594 fama
581 1533 681 1593 eadem
705 1533 778 1595 tulit.

306 1616 363 1675 Vl.
397 1616 522 1675 Primum
545 1614 653 1674 facinus
679 1615 747 1673 novi
772 1616 943 1695 principaris

265 1696 321 1755 fuir
338 1694 464 1755 Postumi
480 1697 612 1779 Agrippa
630 1695 716 1755 cades
733 1718 739 1753 ε
753 1716 837 1777 quem
858 1697 944 1781 igna-

264 1797 327 1837 rum
350 1778 566 1859 inermumque,
587 1778 715 1860 quamvis
735 1774 860 1837 finnatus
879 1782 944 1838 ani-

265 1878 341 1928 mo,
362 1860 487 1919 centurio
509 1879 580 1941 aegre
600 1857 731 1918 confecit.
753 1856 835 1918 Nihil
854 1858 890 1918 de
911 1883 944 1922 ea

266 1960 295 1999 re
312 1938 442 1999 Tiberius
464 1939 538 2019 apud
560 1960 688 2000 senatum
710 1936 839 1999 disseruit.
854 1940 945 2003 Patris

266 2026 338 2101 jussa
363 2020 538 2092 simulabat,
558 2021 659 2102 quibus
679 2018 877 2102 praescripsill'et
899 2027 946 2085 tri·
1023 2017 1024 2078 ζ

267 2102 345 2161 buno
375 2100 503 2162 custodiae
531 2104 660 2182 apposito
683 2147 693 2174 ‚
719 2125 752 2161 tre
780 2110 948 2165 annueretur

266 2183 420 2261 Agrippam
440 2202 525 2242 morte
552 2184 688 2260 adficere,
712 2186 866 2262 quandoque
887 2186 946 2260 ipse

266 2284 417 2336 supremum
433 2266 504 2323 diem
518 2265 691 2336 explevisset.
707 2264 801 2325 Multa
819 2265 879 2325 sine
893 2265 946 2326 clu-

268 2344 318 2402 bio
336 2362 460 2423 sevaque
482 2341 622 2427 Augustus
643 2342 677 2403 cle
695 2345 821 2404 motibus
842 2346 945 2407 adole·
1022 2343 1023 2346 ¹

266 2425 368 2485 scentis
387 2421 518 2505 questus,
539 2444 570 2485 ut
592 2425 717 2485 exsilium
737 2430 795 2507 ejus
815 2446 945 2490 senatus·

269 2506 398 2565 consulto
419 2506 569 2566 sanciretur
589 2551 599 2577 ,
620 2504 770 2585 perfecerat
794 2529 800 2564 ε
823 2508 947 2571 cetenlm

268 2589 299 2648 in
313 2586 414 2647 nullius
428 2606 554 2667 unquam
573 2607 686 2647 suorum
700 2608 798 2647 necem
813 2586 946 2663 duravitt
1021 2617 1022 2622 ¹

268 2688 360 2748 neque
381 2686 503 2727 mortem
524 2669 622 2747 nepoti
645 2689 695 2747 pro
716 2670 861 2729 securitate
885 2674 946 2751 pri-

269 2749 350 2830 vigni
379 2750 498 2809 huntam
524 2793 536 2818 ,
573 2747 704 2809 credibile
733 2770 801 2811 etat.
830 2750 949 2834 Propius
