2075 3659
176 256 534 331 Arruntanum·
559 261 628 334 IV.
681 290 747 355 243

59 387 105 441 v&
132 380 256 439 modeste
284 379 394 443 habito.
421 383 586 443 Domitium
613 384 756 447 decoravit

60 480 175 543 pater,
198 462 274 521 civili
299 464 375 522 bello
399 467 484 523 maris
514 485 635 549 potens,
664 466 755 527 donec

60 543 197 603 Antonii
216 542 357 623 partibus,
386 566 453 604 mox
474 544 595 607 Caesaris
618 548 755 623 misceress

60 640 128 683 tur.
154 624 230 684 Avus
253 623 415 687 Pharsalica
437 628 516 697 acie,
534 650 585 709 pro
603 630 755 709 optimati-

61 702 127 765 bus
154 705 289 766 ceciderat
314 732 320 765 :
343 710 401 787 ipse
426 708 567 781 delectus,
595 712 641 769 cui
662 713 757 772 minor

61 787 220 870 Antonia,
251 787 383 849 Octavii.
405 791 518 873 genita,
543 793 574 851 in
602 794 754 852 matrimo-

63 870 157 928 nium
176 868 292 931 daretur.
321 868 408 943 Pdst'‚
429 874 549 932 exercitu
568 874 675 933 flumen
695 876 753 934 Ai-

65 950 136 1009 bim
162 952 347 1024 transcendit,
373 952 484 1037 longitis
509 953 653 1035 penetrati
681 956 755 1016 Ger-

65 1030 190 1113 manii,
208 1030 294 1113 quim
313 1035 461 1115 quisquam
479 1038 605 1115 priorum
625 1060 631 1088 τ
652 1058 754 1117 easque

63 1112 112 1171 ob
123 1134 168 1173 res
179 1115 301 1196 insignia
316 1114 451 1195 triumphi
461 1116 576 1199 adeptus
588 1115 634 1177 est.
648 1118 753 1198 Obiit,

65 1202 99 1253 ὃς
120 1194 156 1253 L.
177 1194 339 1268 Amorum,
362 1196 452 1257 multi
476 1197 641 1258 claritudine
660 1221 751 1283 gene-

64 1277 130 1351 ris,
158 1276 208 1335 sed
237 1278 408 1359 improsperai
436 1302 442 1335 :
473 1301 543 1339 uam
567 1300 645 1359 patre
674 1287 753 1360 ejus,

64 1356 141 1417 Julo
169 1356 343 1431 'Antonio,
381 1357 420 1419 ob
463 1361 632 1420 adulterium
671 1362 755 1424 Juiiae

65 1458 166 1498 morte
184 1441 303 1521 punito,
320 1438 395 1501 hunc
413 1440 571 1501 admodum
592 1442 754 1504 adolescen-

64 1522 185 1592 tulum,
209 1524 308 1581 sororis
330 1542 481 1601 nepotem,
499 1524 622 1605 seposuit
642 1526 754 1607 Augus

65 1621 115 1663 tus
134 1606 164 1662 in
184 1606 327 1663 civitatem
347 1604 574 1676 Massiliensem,
591 1604 641 1663 ubi
661 1627 672 1664 s
693 1608 753 1685 erip

66 1682 230 1746 studiorum
249 1706 354 1745 nomen
377 1686 466 1745 exsilii
489 1697 626 1770 tegeretur
646 1709 653 1743 :
671 1627 752 1747 iabi-

67 1786 116 1832 tus
143 1786 238 1827 tamen
264 1770 396 1847 supremis
418 1765 512 1827 honor
524 1792 533 1839 3
559 1790 677 1849 ossaque
699 1789 749 1829 tu·

67 1850 155 1908 mulo
181 1848 367 1909 Odiaviorum
391 1848 499 1921 inlata,
531 1871 580 1931 per
609 1850 750 1931 decrerunt

62 1929 193 1995 senariis.
387 1934 391 1941 '

112 2012 209 2073 XLV.
221 2012 325 2074 lisdem
340 2012 517 2081 consulibus,
527 2010 636 2071 facinus
650 2031 749 2085 atrox,

65 2097 101 2155 in
117 2096 245 2153 citeriore
255 2094 411 2175 Hispania,
424 2093 605 2153 admissuma
622 2093 748 2174 quodam

64 2174 194 2260 agresti,
221 2177 345 2235 nationis
364 2170 544 2233 Termestinae
569 2197 577 2231 :
600 2176 623 2231 is
644 2194 748 2254 practo-

65 2281 132 2319 rem
150 2258 322 2339 provinciae,
343 2256 376 2315 L.
398 2256 553 2327 Pisonem,
574 2276 643 2336 pace
666 2258 747 2317 incu-

64 2344 199 2409 riosum,
220 2360 254 2397 ex
272 2339 425 2419 improviso
442 2340 472 2397 in
494 2338 591 2397 itinere
612 2336 744 2411 adortus,
826 2391 830 2401 ,

66 2446 130 2485 uuo
145 2420 258 2481 vulnere
279 2422 311 2480 in
331 2439 452 2479 mortem
472 2418 577 2481 adfecit
597 2441 604 2475 :
625 2442 658 2480 ac
675 2441 742 2499 per-

66 2507 188 2565 nicitate
210 2504 274 2585 equi
293 2500 447 2583 profugus,
473 2499 622 2581 postquam
640 2502 745 2561 saltuo-

65 2610 116 2650 sos
128 2586 209 2645 locos
224 2585 368 2667 attigerat,
386 2582 501 2641 dimisso
519 2602 610 2662 equo,
618 2603 679 2719 ¹per
694 2582 745 2662 de?

65 2690 151 2751 rupta
171 2678 199 2727 δε
218 2670 282 2727 avia
299 2666 437 2747 sequentis
458 2660 586 2723 frustatus
603 2681 618 2718 e
663 2685 670 2719 ε
691 2684 744 2721 ne-

65 2772 126 2833 que
144 2750 195 2813 diu
210 2748 312 2813 fefellit
332 2770 338 2807 :
357 2766 427 2809 nam
445 2743 583 2886 prehenslo
599 2741 745 2905 ἰ(Ξιιόὶοςιιο
