2075 3659
108 367 115 378 ·
215 314 465 391 Ansium
488 319 574 390 Lm.
605 319 670 391 VI.
724 345 786 411 30¹

104 459 233 510 nurum,
246 440 391 520 filiumque
399 439 526 517 fratris,
545 437 572 502 θ
591 458 719 515 nepotes,
742 445 793 501 do-

104 541 238 597 mumque
259 543 364 579 omnem
385 521 497 580 cedibus
517 522 709 596 complevisset
718 545 732 594 ,·
752 525 795 582 ito

98 623 209 676 poenas
220 602 328 660 nomini
335 602 477 679 generique
487 603 636 682 majorum,
648 599 801 685 &posteris

105 683 277 743 exsolveret.
310 681 514 742 Obturbabant
538 682 652 765 quidem
680 675 796 764 patres,

105 764 206 843 speeie
223 759 378 822 detestandi
401 785 409 820 ε
431 762 480 822 sed
492 763 656 844 penetrabat
679 785 766 844 pavor
781 811 793 834 ,

106 850 140 903 δε
163 840 336 913 admiratio}
359 842 491 903 callidum
516 845 588 904 olim
615 854 642 904 δι
668 844 796 928 tegendis

107 924 264 985 sceleribus
277 923 448 996 obscurum,
471 922 527 983 hnc
545 923 721 986 confidentia·
739 947 793 985 ve-

108 1006 210 1076 nisse,
232 1023 279 1075 ut,
301 1024 450 1086 tamquam
474 1005 597 1067 demotis
620 1006 794 1086 parietibus,

108 1083 271 1146 ostenderet
293 1106 425 1166 nepotem
447 1086 500 1147 sub
517 1087 631 1147 v'erbete
653 1090 795 1146 cennuio-

108 1169 181 1237 nis,
204 1168 277 1226 inter
300 1188 444 1227 servorum
468 1168 563 1240 iebus,
588 1186 710 1229 extrema
730 1171 796 1231 vitae

108 1249 253 1308 alimenta
274 1246 372 1308 frustra
390 1267 529 1308 orantem.

154 1328 273 1389 XXV.
298 1329 438 1388 Nondum
464 1331 488 1388 is
512 1329 597 1388 dolor
617 1331 796 1402 exoleverat,

109 1431 204 1492 quum
218 1409 253 1470 de
273 1409 432 1493 Agrippina
448 1407 598 1480 audinum,
617 1431 724 1491 quam,
745 1413 794 1470 in-

110 1490 232 1552 terfeiio
257 1491 384 1571 Sejano‚
412 1512 425 1550 s
487 1488 668 1550 sustentatam
696 1493 794 1572 provi-

109 1575 188 1633 xisse
205 1592 283 1643 reor,
307 1581 355 1643 tt,
376 1592 394 1651 p
438 1591 526 1653 quam
545 1568 621 1630 nihil
640 1570 674 1630 de
692 1573 797 1632 sevitia

110 1654 329 1724 remittebatur,
352 1653 499 1713 voluntate
525 1650 688 1712 exstindiam
711 1675 719 1709 z
743 1655 797 1712 nisi

109 1737 170 1806 si,
200 1736 311 1818 negatis
339 1735 510 1806 alimentis,
542 1733 724 1794 adsimulatus
758 1728 799 1804 est

111 1814 198 1887 finis,
210 1837 262 1957 qut
272 1814 411 1875 videretur
426 1834 525 1897 sponte
543 1835 677 1896 sumptus.
697 1815 797 1875 Enim-

112 1917 186 1957 vero
240 1898 343 1957 iberius
365 1897 527 1958 foedissimis
553 1897 799 1958 criminationibus

111 1980 239 2049 exarsit,
254 1978 456 2052 impudicitiam
470 1997 606 2060 arguens,
620 1974 647 2036 ds
663 1976 799 2041 Asinium

117 2059 238 2120 Gallum
258 2059 432 2127 adulterum,
459 2059 565 2137 ejusque
587 2075 671 2116 morte
694 2060 733 2116 ad
753 2075 797 2117 tae-

111 2143 195 2201 dium
205 2142 272 2199 oitae
282 2138 456 2211 compulsum.
471 2137 527 2197 Sed
537 2137 713 2230 Agrippina,
725 2140 799 2218 sequi

114 2222 298 2300 impatiens,
328 2217 497 2277 dominandi
528 2217 637 2289 avida,
671 2219 801 2280 virilibus

114 2305 211 2372 eutis,
235 2299 405 2360 feminarum
435 2300 506 2359 vitia
535 2317 666 2359 exsuerat
694 2296 799 2361 Eodem

114 2385 164 2445 die
187 2383 336 2463 defienliom
350 2429 362 2453 ,
387 2403 437 2459 quo
460 2381 571 2441 biennio
593 2380 656 2441 antl
679 2379 800 2463 Sejanus

113 2483 213 2542 peenas
229 2465 351 2533 luisset,
374 2463 575 2540 memoriaque,
592 2463 625 2522 id
633 2465 799 2537 prodendum

67 2611 70 2618 ,
117 2544 230 2606 addidit
251 2544 347 2605 Cesar
367 2566 374 2599 τ
394 2545 569 2623 jactavitque
588 2544 734 2620 quidemn
754 2545 800 2600 lo·

119 2649 186 2706 queo
196 2625 385 2707 strangulata,
408 2646 490 2700 neque
511 2625 542 2680 in
568 2623 717 2682 Gemonias
732 2645 798 2695 pro·

112 2709 188 2790 jetta
205 2708 290 2784 foret
311 2704 390 2764 Adiae
408 2704 449 2762 ob
465 2703 495 2762 id
515 2721 626 2786 grates,
648 2701 801 2763 demetun-

121 2809 176 2876 que
191 2807 222 2846 ut
235 2786 433 2866 quintodecimo
451 2784 600 2846 Kalendas
615 2783 802 2862 Nouembris,
