2075 3659
276 270 525 347 Aunitznu
548 280 632 347 liu.
657 280 687 348 1.
766 302 807 371 15

127 396 262 478 imperii,
282 396 330 459 sud
347 396 491 457 modestia.
508 397 606 458 Solam
620 401 685 461 div'i
694 400 812 483 Augusti

128 498 245 538 mentem
264 497 345 539 tantu
365 480 446 538 molis
459 502 603 554 capacem.-
618 504 648 540 se
660 503 691 540 ιιι
702 502 809 555 partem

127 582 253 618 curarum
270 560 303 619 ab
325 562 376 618 illo
394 580 542 631 vocatum,
561 564 722 637 experiendo
737 567 810 624 didi-

125 642 220 709 cisse,
239 639 318 718 qudm
330 644 460 710 arduum,
473 642 554 719 qudem
564 642 809 721 subjeiiumfhrtu-

125 743 168 780 nae
184 722 292 799 regendi
312 730 405 781 euntia
419 744 487 781 onus
505 748 516 780 .·
523 724 638 796 proinde
649 725 681 782 in
692 726 809 787 civitate

125 820 168 859 tot
187 803 343 878 inlustribus
362 803 436 864 viris
451 803 590 872 subnixa,
609 826 664 861 ιιοιι
678 808 717 865 ad
726 826 808 866 unum

125 885 221 941 omitia
236 885 369 960 deferrent
383 906 397 955 ;
410 885 503 957 plures
511 884 632 961 facillis
647 888 742 945 munia
754 891 809 947 rei·

120 963 189 1038 pud.
211 966 327 1023 sociatis
345 964 481 1023 laboribus
500 984 681 1025 exsecuturos.
698 968 762 1029 Pius
776 971 808 1031 in

127 1046 257 1104 oratione
277 1047 329 1105 tali
349 1045 518 1127 dignitatis,
533 1044 619 1126 quim
639 1044 706 1106 fidei
726 1069 807 1110 erat:

126 1124 302 1206 Tiberioque
330 1128 417 1185 etiarn
447 1128 477 1185 in
507 1128 619 1198 rebus,
649 1148 719 1209 quae
747 1152 808 1192 non

125 1210 291 1278 occuleret,
321 1227 368 1266 seu
393 1206 523 1276 natura,
553 1211 611 1268 sive
639 1208 805 1271 adoretudi-

124 1308 188 1357 ne,
217 1308 346 1367 suspensa
372 1310 478 1368 semper
498 1297 527 1349 δε
551 1290 669 1349 obscura
691 1292 807 1351 verba:

125 1389 194 1429 tunc
216 1366 306 1438 vend,
329 1371 430 1430 nitenti
448 1390 480 1430 ut
501 1390 593 1429 sensus
609 1392 673 1431 suos
695 1374 806 1452 penitus

123 1450 265 1521 abderet,
283 1452 312 1509 in
324 1453 461 1511 incertum
482 1458 509 1511 &
526 1452 694 1534 ambiguum
715 1458 807 1539 magis

124 1530 360 1612 implicabanturt
385 1532 426 1592 At
456 1550 577 1612 potres,
601 1533 705 1613 quibus
735 1555 806 1595 unus

124 1634 240 1684 metus,
261 1615 284 1674 si
305 1614 460 1697 intelligere
481 1612 665 1683 viderentur,
688 1616 717 1672 in
734 1636 806 1697 que·

123 1694 198 1764 stus,
211 1696 349 1775 lacrymas
363 1716 452 1763 ,vota
464 1690 572 1753 effundi
589 1719 596 1751 t
616 1694 653 1754 ad
664 1693 752 1765 deos,
767 1698 805 1757 ad

123 1778 250 1860 effigiem
271 1774 413 1859 Augusti,
436 1774 472 1835 ad
491 1796 582 1869 genua
599 1778 683 1856 ipsius
704 1798 805 1839 manue

124 1859 262 1927 tendere3
279 1878 367 1938 quum
387 1856 503 1937 proferri
524 1857 653 1916 libellum
673 1860 802 1917 recitari-

123 1960 177 2020 que
203 1940 291 2019 jussit.
314 1938 392 2017 Opes
416 1936 534 2017 publicae
557 1938 774 1998 continebantur
794 1962 803 1997 t

121 2040 262 2101 quantum
284 2021 410 2089 cittium,
431 2020 627 2098 sociorumque
645 2021 676 2077 in
696 2021 803 2091 armis3

121 2122 194 2183 quot
214 2096 330 2169 ciaffes,
351 2120 460 2182 regna,
478 2100 627 2177 provintie
646 2122 655 2168 3
673 2099 802 2175 tributa,

120 2203 172 2243 aut
194 2182 345 2265 vestigaiia
366 2227 375 2251 ,
400 2189 427 2239 &
452 2182 628 2241 necessitates
654 2200 686 2238 ac
710 2180 801 2264 largi-

120 2265 214 2325 tiones
228 2287 234 2320 :
248 2284 309 2345 quet
325 2265 424 2321 cuneta
440 2280 487 2321 sua
507 2282 595 2321 manu
610 2262 803 2342 perscripserat

121 2343 265 2428 Augustus
288 2342 516 2424 :addideratque
546 2342 695 2401 consilium
716 2364 800 2402 coer-

121 2427 206 2492 cendi
234 2429 307 2486 intra
338 2428 471 2485 terminos
499 2426 610 2505 imperii
630 2422 802 2494 ,‘intertum

120 2528 227 2576 metu,
251 2530 288 2567 an
308 2527 356 2585 per
375 2505 522 2565 invidiam.

162 2588 241 2648 XII.
264 2588 340 2647 Inter
359 2608 420 2667 quae
440 2604 538 2645 senatu
557 2584 594 2645 ad
617 2583 730 2645 orfimas
749 2583 811 2643 obe

120 2670 284 2735 testationes
305 2666 533 2748 procumbente,
557 2666 629 2727 dixit
646 2666 719 2725 forte
740 2666 799 2725 Ti-

119 2754 235 2823 berius,
251 2774 305 2822 rt,
322 2768 352 2809 ut
371 2770 425 2808 non
438 2750 490 2808 toti
507 2748 608 2824 reipub.
624 2770 741 2825 parem,
757 2750 802 2811 ita
