2075 3659
246 257 312 341 138
367 252 404 321 C.
435 252 580 321 cortu.
614 251 803 319 Tncrrr

235 376 418 455 statuerentur
433 397 444 430 .·
470 374 549 431 ludos
563 372 701 431 Circenses
712 370 813 431 eburna
825 370 932 450 effigiet

237 457 349 530 pruirec
369 479 379 512 .·
396 476 463 513 neve
483 454 545 530 quis
554 454 659 530 flamen
676 470 724 511 aut
740 454 871 531 augrcrin
885 454 932 511 lo-

243 558 303 594 cum
315 535 495 603 Germanici,
505 536 564 593 nisi
572 536 663 613 gentis
672 534 769 604 Julie,
778 552 928 593 crearetur.

244 613 333 676 Arcus
344 615 434 676 additi
446 616 546 675 Romae
557 660 567 687 ,
578 624 605 675 &
618 614 693 694 apud
703 616 795 693 ripam
811 612 931 685 Rheni,

244 708 273 759 &
294 700 325 757 in
342 716 441 757 monte
457 698 542 777 Syriae
560 697 691 767 Amano,
717 717 781 755 curn
802 698 932 776 inscrip-

246 781 324 839 tione
354 800 445 839 rerum
472 776 613 861 gestarum
636 824 646 849 ,
680 798 713 837 ac
744 794 860 835 mortem
901 777 936 835 oi

245 861 364 936 rempub.
396 860 498 919 obiisse
522 884 533 917 .-
556 856 733 938 sepulchrum
765 855 936 919 Antiochiae

245 942 297 1000 ubi
316 962 452 1003 crematus
476 964 483 997 ε
504 940 628 1000 tribunal
646 936 839 1019 Epidaphnae,
869 961 934 1019 quo

204 1073 207 1079 .
246 1023 445 1081 iniocovitam
455 1018 740 1085 finieratStatuarum
749 1021 934 1091 locorumve,

248 1104 278 1163 in
300 1105 362 1183 quis
382 1104 538 1172 coleretur,
565 1100 640 1161 haud
669 1101 754 1162 facile
782 1103 843 1183 quis
868 1125 933 1162 nu.-

248 1204 364 1252 merum.
375 1185 478 1243 inierit.
495 1184 595 1261 Quum
618 1204 772 1244 censeretur
792 1183 936 1263 clypeus,

248 1287 317 1327 auro
340 1276 367 1326 &
389 1266 587 1347 magnitudine
605 1267 746 1348 insignis,
766 1267 836 1325 inter
859 1288 937 1325 auc-

249 1367 324 1409 tores
352 1348 539 1430 eioquentiae3
569 1346 743 1407 adseveravit
772 1346 936 1421 Tiberius,

248 1431 363 1489 solitum
373 1453 518 1507 paremque
534 1432 632 1494 ceteris
650 1430 801 1489 dicaturum
818 1452 827 1487 .·
844 1452 938 1506 neque

250 1512 324 1569 enim
341 1513 523 1589 eloquentiam
529 1511 648 1589 firrtund
662 1512 800 1583 discemi5
815 1507 938 1572 &satis
1024 1538 1025 1573 t

250 1592 381 1672 inlustre,
410 1594 439 1653 si
468 1611 573 1651 veteres
605 1594 679 1653 inter
707 1593 852 1666 scriptores
881 1592 939 1651 lra-

250 1673 363 1731 berttur.
387 1671 522 1755 Equester
542 1674 613 1733 ordo
633 1696 744 1735 cuneum
767 1674 941 1735 Germanici
1024 1668 1025 1693 ¹

251 1754 424 1831 appellavit,
445 1757 493 1836 qui
513 1755 658 1813 Iuniorem
677 1754 845 1825 dicebatur3
865 1757 936 1818 ins-t
1024 1762 1025 1805 ἶ

251 1836 385 1916 tituitque
405 1837 448 1895 uti
473 1857 569 1895 rurnrae
591 1837 688 1897 Idibus
711 1837 792 1897 iuliis
820 1840 936 1921 imagi·
1024 1838 1025 1875 ³

251 1938 319 1980 nem
335 1922 392 1996 ejus
411 1935 589 1999 sequerentur
609 1941 615 1975 :
636 1918 766 2001 pleraque
785 1940 906 1981 manent
927 1943 937 1979 ε
1024 1944 1025 1971 1

183 2037 185 2040 -
253 1998 382 2079 quedam
401 1998 497 2061 statim
516 2002 621 2059 omissa
641 2020 725 2073 sunt,
741 2021 791 2061 aut
811 2000 938 2063 vetustas
1024 2002 1025 2027 ¹

253 2080 437 2159 oblitteravit.

293 2162 357 2220 LX
369 2162 397 2221 X
409 2162 437 2221 X
448 2163 510 2223 IV.
537 2160 674 2223 Cetenim
702 2166 807 2225 recenti
841 2162 938 2225 adhuc

253 2242 409 2312 moestitia,
432 2265 509 2301 soror
531 2244 700 2305 Germanici
719 2247 820 2316 Livio,
845 2268 937 2325 nupta

253 2323 366 2393 Druso,
386 2324 456 2383 duos
469 2326 556 2383 virilis
571 2325 648 2386 sextis
668 2328 751 2387 simul
766 2330 847 2387 enixa
870 2326 910 2386 est
928 2352 936 2385 r

255 2405 334 2487 quod
370 2426 462 2466 rarum
499 2406 650 2488 laetutnque
682 2412 769 2470 etiam
813 2391 939 2470 moiitis

254 2488 426 2568 penatibus,
447 2508 529 2549 tanto
550 2490 656 2571 gaudio
677 2492 833 2571 pritt'cipem
857 2491 939 2551 adfe-

224 2594 228 2601 ·
255 2590 315 2641 crt,
341 2591 374 2632 ut
399 2592 457 2631 non
478 2574 673 2647 temperaverit
683 2614 697 2643 -,
724 2574 793 2653 quin
819 2578 941 2653 jactaret
1024 2606 1025 2639 ι

255 2652 331 2730 apud
347 2674 455 2731 patres,
472 2654 544 2711 nulli
563 2660 633 2711 antt'
644 2654 847 2725 Romanorum,
867 2658 939 2735 ejus-
1024 2702 1025 2709 ,

255 2735 428 2817 dcmfhstigii
440 2737 522 2806 viro,
533 2736 669 2815 geminam
679 2738 793 2825 stirpem
807 2739 913 2799 editam
929 2758 939 2799 t
1024 2782 1025 2799 r
