2075 3659
253 330 318 399 152
379 306 415 375 C.
445 305 590 375 cons.
623 306 806 373 TActui

250 426 396 496 statuinst,
405 445 484 503 utque
492 447 544 483 sex
556 425 660 483 dierum
667 426 761 499 spatio
770 424 918 507 interjeelo
924 435 936 496 ,'

252 530 312 568 reus
328 509 515 583 pertriduum
532 506 720 583 defenderetur.
739 505 819 565 Tum
841 506 939 564 Fulci-

252 591 435 653 nius.vetera
460 596 488 646 &
509 587 607 645 mania
627 585 735 647 orditur
755 610 763 643 :
784 587 939 647 ambitiose

249 670 388 746 onerique
400 667 525 727 habitam
537 666 707 741 Hispaniam
722 692 733 725 .-
750 668 829 748 quod
842 689 942 748 neque¹

253 753 417 811 mumolum
427 770 508 809 noxae
518 768 567 808 reo
579 792 589 819 ,
607 750 631 807 si
643 750 764 810 recentia
778 769 918 831 purgaret
929 770 942 819 3

252 853 347 913 neque
367 829 514 891 defensuni
534 829 707 889 absolutioni
730 850 810 899 etat,
841 832 868 891 si
892 850 940 890 te-

253 933 365 974 neretus
375 911 530 992 majoribus
545 912 669 993 flagitiis.
689 908 756 969 Post
768 930 858 990 quem
874 911 944 971 Ser-

253 1012 329 1058 vatus
348 1040 360 1063 ,
389 1002 416 1053 &
441 993 610 1063 Veranius,
637 1000 664 1051 δι
683 991 819 1051 Vitellius
846 994 943 1051 eonsi-

254 1075 320 1133 mili
337 1072 450 1144 studio,
468 1073 517 1133 sed
539 1071 629 1133 multi
649 1070 813 1152 eloquenti&
833 1073 939 1133 Vitel-

253 1155 327 1226 lius,
349 1154 505 1233 objecere:
527 1154 590 1213 odio
611 1152 790 1224 Germanici,
806 1150 833 1213 δ’
850 1176 942 1215 rerum

253 1257 390 1297 nouarum
402 1236 514 1315 fludio,
534 1235 666 1295 Pisonem
679 1237 777 1312 vulgus
793 1235 940 1306 militum,

253 1338 306 1391 per
316 1317 457 1376 licentiam
470 1314 642 1375 &sociorum
653 1317 772 1396 injurias
780 1362 802 1402 ,Ι
810 1315 842 1375 ei
858 1333 942 1394 usque

255 1399 431 1472 corrupisse,
451 1416 481 1456 ut
500 1417 598 1477 parens
616 1396 762 1479 legionum
773 1420 799 1463 ,α
820 1400 941 1457 deterri·

255 1481 314 1539 mis
323 1480 525 1553 appellaretur.-
539 1497 647 1547 contra,
659 1479 690 1537 in
703 1478 835 1552 optimum
849 1502 940 1556 quem·

256 1582 329 1637 quc,
349 1560 469 1619 maximi
488 1561 519 1617 in
530 1560 640 1619 comites
657 1556 800 1619 &amicos
822 1559 947 1630 Germa,

256 1642 319 1701 uici
326 1686 338 1710 ,
355 1641 469 1701 soenisse
480 1665 490 1700 .·
500 1640 631 1721 postremi
643 1640 733 1713 ipsum
745 1642 940 1701 devotionibus

258 1718 289 1781 θ
303 1744 406 1781 veneno
412 1722 561 1796 peremisse
578 1747 587 1779 .·
606 1743 685 1780 sacra
694 1720 758 1779 hinc
772 1718 799 1779 ἃ
812 1723 939 1781 immola·

256 1803 351 1861 tiones
364 1802 495 1881 nefandas
506 1803 597 1875 ipsius
616 1820 693 1879 atque
708 1802 853 1863 Plancinae
869 1829 879 1863 .-
892 1826 939 1878 pe·

256 1884 343 1941 ticam
360 1884 447 1943 armis
465 1884 581 1958 rempub.
602 1902 680 1960 utque
697 1905 757 1943 reus
768 1887 817 1962 agi
823 1904 939 1961 posset,

257 1964 318 2023 acie
337 1966 447 2025 vibium.

302 2044 385 2105 XIV.
410 2044 548 2106 Defensio
576 2048 606 2105 in
632 2048 727 2105 ceteris
753 2047 908 2127 trepidavit
930 2069 939 2105 t

261 2148 331 2187 nam
341 2148 433 2207 neque
450 2128 639 2188 ambitionem
659 2128 832 2199 militarem,
847 2148 939 2211 neque

242 2207 437 2287 *provinciam
470 2210 592 2287 pessimo
620 2210 719 2289 cuique
750 2210 940 2281 obnoxiam,

261 2308 298 2347 ne
321 2287 504 2347 contumelias
523 2289 638 2369 quidem
654 2290 800 2351 adversum
817 2292 941 2371 impera·

196 2376 202 2385 ¹
262 2386 354 2427 torem
372 2366 490 2427 inficiati
504 2390 614 2446 poterat
632 2394 638 2427 ι
655 2372 745 2431 solum
763 2374 867 2431 veneni
882 2375 939 2431 cxi«

262 2470 330 2508 meu
347 2450 421 2509 visus
433 2446 620 2522 estvdiluisse3
642 2451 720 2532 quod
738 2473 773 2511 ne
791 2472 941 2512 accussato-

262 2551 306 2589 res
324 2529 440 2611 quidem
468 2533 535 2591 satis
561 2530 732 2603 firmabant,
753 2535 784 2592 in
808 2535 942 2595 convivio

267 2611 452 2682 Germanici,
470 2636 550 2690 quum
566 2637 719 2688 supereum
736 2614 807 2673 Piso
824 2616 942 2674 discum

265 2692 355 2763 beret,
378 2694 489 2771 infectos
509 2696 634 2755 manibus
650 2697 708 2777 ejus
725 2694 798 2754 eibos
813 2717 941 2779 anguem

265 2792 305 2835 tes
326 2798 333 2836 a
354 2776 456 2858 quippe
481 2774 634 2839 absurdum
657 2776 805 2841 videbatur
823 2820 836 2849 ,
870 2779 943 2841 intes
