2075 3659
285 324 356 389 244
409 300 446 369 C.
476 300 626 369 Corn,
659 300 850 369 TAcrrr

284 442 333 504 per
359 422 502 501 proximos
537 440 626 503 pagos
657 440 753 500 equo,
784 426 871 500 cujus
902 418 964 482 foret

285 504 433 583 cognitum
452 524 459 557 τ
491 508 518 559 δι
541 519 683 579 repertus,
705 522 795 581 quum
822 504 965 563 tormentis

285 584 365 641 edere
393 583 520 640 conscios
543 580 716 666 adigeretur,
739 604 815 641 voce
844 604 966 666 magna,

283 684 411 723 sermone
434 664 547 743 patrio,
560 664 665 745 flustra
679 686 709 721 se
725 663 904 744 interrogati
920 666 967 723 cia-

285 746 414 805 mitavit:
427 746 585 825 adsisterent
594 745 666 803 socii
676 767 708 802 ac
716 750 880 819 spellarcnt
894 770 905 804 .·
918 746 968 803 nul-

285 829 343 886 lam
361 827 422 887 vim
437 844 544 885 tantam
564 827 668 884 doloris
674 826 754 903 fore,
775 845 809 884 ut
824 828 969 887 veritatem

285 910 395 968 eliceret
419 932 429 967 .·
446 906 579 987 idemque
598 928 687 987 quum
702 904 819 987 postero
846 908 889 967 ad
905 928 970 989 qut·

284 990 419 1048 sitionem
449 986 650 1058 retraheretur,
679 1008 715 1046 eo
742 989 809 1046 nisu
834 989 970 1069 proripuit

284 1090 314 1129 se
331 1068 509 1141 custodibus,
534 1089 657 1151 saxoque
678 1090 709 1127 ca
730 1087 762 1127 ut
783 1068 921 1140 adflixit,
945 1086 971 1126 ut

285 1148 381 1209 statim
401 1152 616 1209 exanimaretur.
636 1149 691 1209 Sed
711 1090 784 1209 inco
809 1147 970 1209 Termesti-

286 1252 389 1291 norum
407 1230 476 1291 dolo
496 1252 578 1291 caesus
599 1228 743 1289 habetur:
768 1232 823 1312 qui
842 1232 972 1313 pecunias

287 1334 304 1371 e
321 1314 437 1394 publico
453 1314 637 1394 interceptas,
657 1310 746 1371 acriris
770 1312 865 1393 quim
885 1333 918 1372 ur
933 1331 971 1371 to·

288 1396 407 1455 letarent
425 1394 553 1466 barbari,
574 1393 702 1473 cogebat.

329 1476 438 1537 XLVI.
462 1476 584 1535 Lentulo
600 1473 758 1545 Gaetulico,
778 1474 820 1535 C.
838 1476 970 1537 Calvisio

289 1558 374 1619 Coss.
400 1558 510 1618 decreta
532 1553 669 1636 triumphi
693 1558 821 1639 insignia
850 1559 970 1637 Poppoeo
1027 1622 1028 1633 p

289 1639 418 1711 Sabino,
437 1640 559 1699 contusis
578 1635 725 1696 Thracum
745 1640 901 1721 gentibus,
925 1638 969 1719 qui

289 1722 432 1779 montium
451 1719 550 1791 editis,
567 1718 680 1790 inculti,
700 1738 785 1804 atque
801 1718 838 1780 eo
854 1718 970 1779 ferociis

289 1800 446 1883 agitabant.
466 1800 562 1861 Causa
584 1798 695 1870 monis,
718 1822 800 1881 super
819 1800 968 1861 hominum

290 1883 465 1965 ingenium,
490 1880 569 1963 quod
590 1883 649 1963 pati
670 1881 811 1954 delectus,
839 1892 870 1943 &
895 1882 967 1941 vali-

292 1962 438 2023 dissimum
467 1984 608 2045 quemque
640 1964 748 2021 militiae
778 1963 883 2025 nostrae
910 1963 970 2023 dart

290 2045 549 2127 adspernabantur3
575 2066 611 2104 ne
636 2045 748 2127 regibus
772 2045 896 2125 quidem
924 2066 969 2124 pa-

291 2148 349 2187 rere
370 2130 424 2187 nisi
440 2149 473 2185 ex
489 2126 609 2187 libidine
627 2127 722 2197 soliti,
745 2146 814 2196 aut,
837 2129 862 2185 si
882 2128 971 2186 mitte·

291 2222 353 2267 rent
372 2210 491 2280 auxilia,
513 2230 577 2267 suos
596 2207 723 2267 duciores
743 2205 902 2286 praeficere,
924 2226 969 2266 nec

290 2291 347 2347 nisi
362 2289 508 2349 adversum
524 2290 635 2349 accolas
654 2288 827 2427 beuiperare.
847 2289 897 2347 Ac
915 2308 970 2347 tum

292 2390 389 2428 rumor
406 2372 555 2430 incesserat
574 2369 653 2441 fore,
670 2389 701 2428 ut
744 2370 834 2446 isjecii
852 2370 972 2451 aliisque

293 2451 456 2512 nationibus
470 2452 615 2529 permixti,
631 2451 750 2514 diversas
766 2452 796 2509 in
812 2468 903 2511 terras
923 2471 970 2510 tm·

295 2530 431 2593 herentur.
455 2532 509 2592 Sed
530 2552 681 2613 antequam
700 2552 778 2591 arma
793 2532 970 2611 inciperent,

294 2616 392 2673 misere
418 2615 547 2699 legatos,
567 2615 742 2683 amicitiam,
766 2612 970 2692 obsequiumque

295 2711 523 2767 memoraturos5
546 2693 573 2755 ct
597 2717 726 2754 mansura
743 2693 797 2752 irat
811 2741 823 2764 ,
844 2696 874 2753 si
900 2696 971 2754 nullo

295 2776 971 2843 novoonereterttarentur:sinutviciisservitirm
