<?xml version="1.0" encoding="UTF-8"?>
<!DOCTYPE html PUBLIC "-//W3C//DTD XHTML 1.0 Transitional//EN"
    "http://www.w3.org/TR/xhtml1/DTD/xhtml1-transitional.dtd">
<html xmlns="http://www.w3.org/1999/xhtml" xml:lang="en" lang="en">
 <head>
  <title>
</title>
<meta http-equiv="Content-Type" content="text/html;charset=utf-8" />
  <meta name='ocr-system' content='tesseract 3.04.00' />
  <meta name='ocr-capabilities' content='ocr_page ocr_carea ocr_par ocr_line ocrx_word'/>
</head>
<body>
  <div class='ocr_page' id='page_1' title='image "./ccorneliitaciti02lallgoog_0018.png"; bbox 0 0 2075 3659; ppageno 0'>
   <div class='ocr_carea' id='block_1_1' title="bbox 243 262 784 353">
    <p class='ocr_par' dir='ltr' id='par_1_1' title="bbox 243 262 784 353">
     <span class='ocr_line' id='line_1_1' title="bbox 243 262 784 353; baseline -0.009 -21"><span class='ocrx_word' id='word_1_1' title='bbox 243 264 302 353; x_wconf 76' lang='lat' dir='ltr'><strong>viij</strong></span> <span class='ocrx_word' id='word_1_2' title='bbox 367 262 784 330; x_wconf 59' lang='lat' dir='ltr'><strong>nnanronrM.</strong></span> 
     </span>
    </p>
   </div>
   <div class='ocr_carea' id='block_1_2' title="bbox 188 378 931 2714">
    <p class='ocr_par' dir='ltr' id='par_1_2' title="bbox 238 378 931 1407">
     <span class='ocr_line' id='line_1_2' title="bbox 245 378 931 459; baseline 0.004 -19"><span class='ocrx_word' id='word_1_3' title='bbox 245 383 277 440; x_wconf 88' lang='lat' dir='ltr'><strong>in</strong></span> <span class='ocrx_word' id='word_1_4' title='bbox 289 380 423 439; x_wconf 87' lang='lat' dir='ltr'><strong>omnibus</strong></span> <span class='ocrx_word' id='word_1_5' title='bbox 438 378 633 459; x_wconf 78' lang='lat' dir='ltr'><strong>manuscriptis</strong></span> <span class='ocrx_word' id='word_1_6' title='bbox 645 382 826 459; x_wconf 88' lang='lat' dir='ltr'><strong>reperiuntur.</strong></span> <span class='ocrx_word' id='word_1_7' title='bbox 845 381 931 443; x_wconf 85' lang='lat' dir='ltr'><strong>Nam</strong></span> 
     </span>
     <span class='ocr_line' id='line_1_3' title="bbox 244 478 929 562; baseline 0.004 -23"><span class='ocrx_word' id='word_1_8' title='bbox 244 478 324 562; x_wconf 77' lang='lat' dir='ltr'><strong>quod</strong></span> <span class='ocrx_word' id='word_1_9' title='bbox 338 482 415 540; x_wconf 89' lang='lat' dir='ltr'><strong>iniis</strong></span> <span class='ocrx_word' id='word_1_10' title='bbox 432 482 515 540; x_wconf 81' lang='lat' dir='ltr'><strong>variae</strong></span> <span class='ocrx_word' id='word_1_11' title='bbox 530 479 670 539; x_wconf 87' lang='lat' dir='ltr'><strong>interdum</strong></span> <span class='ocrx_word' id='word_1_12' title='bbox 686 480 823 539; x_wconf 74' lang='lat' dir='ltr'><strong>leffiones</strong></span> <span class='ocrx_word' id='word_1_13' title='bbox 839 480 929 552; x_wconf 88' lang='lat' dir='ltr'><strong>sunt,</strong></span> 
     </span>
     <span class='ocr_line' id='line_1_4' title="bbox 243 572 927 658; baseline 0.001 -23"><span class='ocrx_word' id='word_1_14' title='bbox 243 598 304 635; x_wconf 89' lang='lat' dir='ltr'><strong>non</strong></span> <span class='ocrx_word' id='word_1_15' title='bbox 323 596 381 635; x_wconf 89' lang='lat' dir='ltr'><strong>uno</strong></span> <span class='ocrx_word' id='word_1_16' title='bbox 401 573 490 635; x_wconf 86' lang='lat' dir='ltr'><strong>modo</strong></span> <span class='ocrx_word' id='word_1_17' title='bbox 508 574 684 653; x_wconf 53' lang='lat' dir='ltr'><strong>depravatu,</strong></span> <span class='ocrx_word' id='word_1_18' title='bbox 705 572 736 633; x_wconf 90' lang='lat' dir='ltr'><strong>id</strong></span> <span class='ocrx_word' id='word_1_19' title='bbox 754 595 927 658; x_wconf 82' lang='lat' dir='ltr'><strong>argumento</strong></span> 
     </span>
     <span class='ocr_line' id='line_1_5' title="bbox 242 664 927 741; baseline 0.003 -14"><span class='ocrx_word' id='word_1_20' title='bbox 242 667 284 727; x_wconf 85' lang='lat' dir='ltr'><strong>est</strong></span> <span class='ocrx_word' id='word_1_21' title='bbox 297 714 307 741; x_wconf 91' lang='lat'>,</span> <span class='ocrx_word' id='word_1_22' title='bbox 324 669 499 729; x_wconf 85' lang='lat' dir='ltr'>librariorum</span> <span class='ocrx_word' id='word_1_23' title='bbox 513 688 614 727; x_wconf 83' lang='lat' dir='ltr'><strong>manus</strong></span> <span class='ocrx_word' id='word_1_24' title='bbox 628 710 638 737; x_wconf 92' lang='lat'>,</span> <span class='ocrx_word' id='word_1_25' title='bbox 658 685 707 726; x_wconf 86' lang='lat' dir='ltr'><strong>aut</strong></span> <span class='ocrx_word' id='word_1_26' title='bbox 720 664 927 741; x_wconf 83' lang='lat' dir='ltr'><strong>oscitantium,</strong></span> 
     </span>
     <span class='ocr_line' id='line_1_6' title="bbox 242 758 927 839; baseline 0.003 -20"><span class='ocrx_word' id='word_1_27' title='bbox 242 778 292 819; x_wconf 81' lang='lat' dir='ltr'><strong>aut</strong></span> <span class='ocrx_word' id='word_1_28' title='bbox 313 761 531 839; x_wconf 85' lang='lat' dir='ltr'><strong>imperitorum,</strong></span> <span class='ocrx_word' id='word_1_29' title='bbox 551 758 628 838; x_wconf 83' lang='lat' dir='ltr'><strong>saepae</strong></span> <span class='ocrx_word' id='word_1_30' title='bbox 646 777 709 817; x_wconf 90' lang='lat' dir='ltr'><strong>toto</strong></span> <span class='ocrx_word' id='word_1_31' title='bbox 729 760 803 819; x_wconf 81' lang='lat' dir='ltr'><strong>coelo</strong></span> <span class='ocrx_word' id='word_1_32' title='bbox 821 758 927 821; x_wconf 80' lang='lat' dir='ltr'><strong>diffen-</strong></span> 
     </span>
     <span class='ocr_line' id='line_1_7' title="bbox 242 850 925 932; baseline 0.003 -21"><span class='ocrx_word' id='word_1_33' title='bbox 242 853 294 911; x_wconf 89' lang='lat' dir='ltr'><strong>tire</strong></span> <span class='ocrx_word' id='word_1_34' title='bbox 308 850 502 932; x_wconf 87' lang='lat' dir='ltr'><strong>inscriptura,</strong></span> <span class='ocrx_word' id='word_1_35' title='bbox 517 872 579 932; x_wconf 82' lang='lat' dir='ltr'><strong>quae</strong></span> <span class='ocrx_word' id='word_1_36' title='bbox 595 872 629 910; x_wconf 83' lang='lat' dir='ltr'><strong>ex</strong></span> <span class='ocrx_word' id='word_1_37' title='bbox 642 850 744 911; x_wconf 88' lang='lat' dir='ltr'><strong>eodem</strong></span> <span class='ocrx_word' id='word_1_38' title='bbox 758 852 838 912; x_wconf 87' lang='lat' dir='ltr'><strong>fonte</strong></span> <span class='ocrx_word' id='word_1_39' title='bbox 851 853 925 913; x_wconf 84' lang='lat' dir='ltr'><strong>duc·</strong></span> 
     </span>
     <span class='ocr_line' id='line_1_8' title="bbox 241 944 925 1027; baseline 0.003 -22"><span class='ocrx_word' id='word_1_40' title='bbox 241 963 271 1005; x_wconf 81' lang='lat' dir='ltr'><strong>ta</strong></span> <span class='ocrx_word' id='word_1_41' title='bbox 293 946 338 1005; x_wconf 87' lang='lat' dir='ltr'><strong>sit.</strong></span> <span class='ocrx_word' id='word_1_42' title='bbox 359 944 429 1005; x_wconf 92' lang='lat' dir='ltr'><strong>Non</strong></span> <span class='ocrx_word' id='word_1_43' title='bbox 448 946 552 1003; x_wconf 87' lang='lat' dir='ltr'><strong>mirum</strong></span> <span class='ocrx_word' id='word_1_44' title='bbox 570 945 676 1027; x_wconf 87' lang='lat' dir='ltr'><strong>igitur,</strong></span> <span class='ocrx_word' id='word_1_45' title='bbox 690 947 714 1003; x_wconf 84' lang='lat' dir='ltr'><strong>si</strong></span> <span class='ocrx_word' id='word_1_46' title='bbox 732 946 763 1003; x_wconf 90' lang='lat' dir='ltr'><strong>in</strong></span> <span class='ocrx_word' id='word_1_47' title='bbox 781 944 925 1024; x_wconf 85' lang='lat' dir='ltr'><strong>ejusmodi</strong></span> 
     </span>
     <span class='ocr_line' id='line_1_9' title="bbox 241 1036 923 1120; baseline 0.009 -21"><span class='ocrx_word' id='word_1_48' title='bbox 241 1039 388 1101; x_wconf 80' lang='lat' dir='ltr'><strong>codicibus</strong></span> <span class='ocrx_word' id='word_1_49' title='bbox 408 1036 505 1099; x_wconf 83' lang='lat' dir='ltr'><strong>frustra</strong></span> <span class='ocrx_word' id='word_1_50' title='bbox 524 1057 662 1120; x_wconf 70' lang='lat' dir='ltr'><strong>queratur</strong></span> <span class='ocrx_word' id='word_1_51' title='bbox 679 1038 835 1119; x_wconf 77' lang='lat' dir='ltr'><strong>aliquando</strong></span> <span class='ocrx_word' id='word_1_52' title='bbox 854 1062 923 1105; x_wconf 83' lang='lat' dir='ltr'><strong>vera</strong></span> 
     </span>
     <span class='ocr_line' id='line_1_10' title="bbox 240 1130 922 1209; baseline -0.003 -12"><span class='ocrx_word' id='word_1_53' title='bbox 240 1153 342 1197; x_wconf 84' lang='lat' dir='ltr'><strong>manus</strong></span> <span class='ocrx_word' id='word_1_54' title='bbox 368 1134 509 1206; x_wconf 68' lang='lat' dir='ltr'><strong>austoris,</strong></span> <span class='ocrx_word' id='word_1_55' title='bbox 526 1141 564 1209; x_wconf 35' lang='lat'><strong>¹&amp;</strong></span> <span class='ocrx_word' id='word_1_56' title='bbox 586 1132 617 1191; x_wconf 88' lang='lat' dir='ltr'><strong>in</strong></span> <span class='ocrx_word' id='word_1_57' title='bbox 639 1130 819 1192; x_wconf 74' lang='lat' dir='ltr'><strong>emendando</strong></span> <span class='ocrx_word' id='word_1_58' title='bbox 842 1152 922 1196; x_wconf 84' lang='lat' dir='ltr'><strong>textu</strong></span> 
     </span>
     <span class='ocr_line' id='line_1_11' title="bbox 238 1224 921 1309; baseline 0.004 -22"><span class='ocrx_word' id='word_1_59' title='bbox 238 1224 339 1307; x_wconf 81' lang='lat' dir='ltr'><strong>saepius</strong></span> <span class='ocrx_word' id='word_1_60' title='bbox 359 1228 475 1309; x_wconf 85' lang='lat' dir='ltr'><strong>ingenio</strong></span> <span class='ocrx_word' id='word_1_61' title='bbox 499 1236 527 1289; x_wconf 78' lang='grc' dir='ltr'><strong>δι</strong></span> <span class='ocrx_word' id='word_1_62' title='bbox 549 1228 714 1307; x_wconf 62' lang='lat' dir='ltr'><strong>conjeCluris</strong></span> <span class='ocrx_word' id='word_1_63' title='bbox 737 1228 921 1309; x_wconf 80' lang='lat' dir='ltr'><strong>inrerpretum</strong></span> 
     </span>
     <span class='ocr_line' id='line_1_12' title="bbox 240 1316 643 1407; baseline -0.002 -22"><span class='ocrx_word' id='word_1_64' title='bbox 240 1322 353 1407; x_wconf 82' lang='lat' dir='ltr'><strong>agenda</strong></span> <span class='ocrx_word' id='word_1_65' title='bbox 377 1344 419 1383; x_wconf 89' lang='lat' dir='ltr'><strong>res</strong></span> <span class='ocrx_word' id='word_1_66' title='bbox 439 1322 531 1383; x_wconf 76' lang='lat' dir='ltr'><strong>filerit.</strong></span> <span class='ocrx_word' id='word_1_67' title='bbox 641 1316 643 1320; x_wconf 46' lang='grc'>’</span> 
     </span>
    </p>

    <p class='ocr_par' dir='ltr' id='par_1_3' title="bbox 188 1416 923 2714">
     <span class='ocr_line' id='line_1_13' title="bbox 188 1416 922 1501; baseline 0.007 -24"><span class='ocrx_word' id='word_1_68' title='bbox 188 1485 190 1491; x_wconf 48' lang='grc'>,</span> <span class='ocrx_word' id='word_1_69' title='bbox 240 1490 245 1501; x_wconf 79' lang='lat'><em>,</em></span> <span class='ocrx_word' id='word_1_70' title='bbox 281 1418 434 1479; x_wconf 80' lang='lat' dir='ltr'><strong>Puruus</strong></span> <span class='ocrx_word' id='word_1_71' title='bbox 456 1418 588 1477; x_wconf 86' lang='lat' dir='ltr'><strong>omnium</strong></span> <span class='ocrx_word' id='word_1_72' title='bbox 606 1416 704 1475; x_wconf 85' lang='lat' dir='ltr'><strong>Taciti</strong></span> <span class='ocrx_word' id='word_1_73' title='bbox 719 1417 806 1478; x_wconf 87' lang='lat' dir='ltr'><strong>libros</strong></span> <span class='ocrx_word' id='word_1_74' title='bbox 820 1419 858 1478; x_wconf 78' lang='lat' dir='ltr'><strong>ab</strong></span> <span class='ocrx_word' id='word_1_75' title='bbox 874 1442 922 1483; x_wconf 84' lang='lat' dir='ltr'><strong>xr.</strong></span> 
     </span>
     <span class='ocr_line' id='line_1_14' title="bbox 235 1506 923 1598; baseline 0.003 -27"><span class='ocrx_word' id='word_1_76' title='bbox 235 1506 397 1571; x_wconf 74' lang='lat' dir='ltr'><strong>&#39;Annalium</strong></span> <span class='ocrx_word' id='word_1_77' title='bbox 421 1530 486 1569; x_wconf 88' lang='lat' dir='ltr'><strong>cum</strong></span> <span class='ocrx_word' id='word_1_78' title='bbox 511 1508 713 1568; x_wconf 82' lang='lat' dir='ltr'><strong>Germania&amp;</strong></span> <span class='ocrx_word' id='word_1_79' title='bbox 737 1509 855 1595; x_wconf 82' lang='lat' dir='ltr'><strong>dialogo</strong></span> <span class='ocrx_word' id='word_1_80' title='bbox 885 1514 923 1598; x_wconf 71' lang='lat' dir='ltr'><strong>de</strong></span> 
     </span>
     <span class='ocr_line' id='line_1_15' title="bbox 240 1600 922 1679; baseline -0.003 -18"><span class='ocrx_word' id='word_1_81' title='bbox 240 1602 417 1673; x_wconf 83' lang='lat' dir='ltr'><strong>oratoribus,</strong></span> <span class='ocrx_word' id='word_1_82' title='bbox 438 1602 497 1660; x_wconf 89' lang='lat' dir='ltr'><strong>sine</strong></span> <span class='ocrx_word' id='word_1_83' title='bbox 510 1600 593 1659; x_wconf 88' lang='lat' dir='ltr'><strong>titulo</strong></span> <span class='ocrx_word' id='word_1_84' title='bbox 606 1600 722 1679; x_wconf 75' lang='lat' dir='ltr'><strong>operis,</strong></span> <span class='ocrx_word' id='word_1_85' title='bbox 733 1610 761 1660; x_wconf 89' lang='lat'>&amp;</span> <span class='ocrx_word' id='word_1_86' title='bbox 777 1602 836 1661; x_wconf 86' lang='lat' dir='ltr'><strong>sine</strong></span> <span class='ocrx_word' id='word_1_87' title='bbox 850 1608 922 1667; x_wconf 78' lang='lat' dir='ltr'><strong>anni</strong></span> 
     </span>
     <span class='ocr_line' id='line_1_16' title="bbox 237 1684 921 1777; baseline 0.003 -21"><span class='ocrx_word' id='word_1_88' title='bbox 237 1692 351 1777; x_wconf 85' lang='lat' dir='ltr'><strong>locique</strong></span> <span class='ocrx_word' id='word_1_89' title='bbox 373 1714 469 1769; x_wconf 86' lang='lat' dir='ltr'><strong>nota,</strong></span> <span class='ocrx_word' id='word_1_90' title='bbox 494 1684 582 1753; x_wconf 76' lang='lat' dir='ltr'><strong>etlidit</strong></span> <span class='ocrx_word' id='word_1_91' title='bbox 609 1694 732 1754; x_wconf 85' lang='lat' dir='ltr'><strong>Joannes</strong></span> <span class='ocrx_word' id='word_1_92' title='bbox 756 1696 921 1775; x_wconf 82' lang='lat' dir='ltr'><strong>Spirensis,</strong></span> 
     </span>
     <span class='ocr_line' id='line_1_17' title="bbox 237 1789 920 1875; baseline 0.003 -24"><span class='ocrx_word' id='word_1_93' title='bbox 237 1813 296 1875; x_wconf 87' lang='lat' dir='ltr'><strong>quo</strong></span> <span class='ocrx_word' id='word_1_94' title='bbox 317 1812 350 1850; x_wconf 85' lang='lat' dir='ltr'><strong>ex</strong></span> <span class='ocrx_word' id='word_1_95' title='bbox 373 1789 563 1868; x_wconf 82' lang='lat' dir='ltr'><strong>manuscripto</strong></span> <span class='ocrx_word' id='word_1_96' title='bbox 577 1791 743 1861; x_wconf 84' lang='lat' dir='ltr'><strong>incertum,</strong></span> <span class='ocrx_word' id='word_1_97' title='bbox 763 1791 821 1849; x_wconf 90' lang='lat' dir='ltr'><strong>nisi</strong></span> <span class='ocrx_word' id='word_1_98' title='bbox 845 1792 920 1853; x_wconf 66' lang='lat' dir='ltr'><strong>forti</strong></span> 
     </span>
     <span class='ocr_line' id='line_1_18' title="bbox 238 1884 920 1967; baseline 0.006 -21"><span class='ocrx_word' id='word_1_99' title='bbox 238 1909 273 1946; x_wconf 83' lang='lat' dir='ltr'><strong>ex</strong></span> <span class='ocrx_word' id='word_1_100' title='bbox 291 1888 415 1967; x_wconf 40' lang='lat' dir='ltr'><strong>&#39;antiquo</strong></span> <span class='ocrx_word' id='word_1_101' title='bbox 437 1885 535 1945; x_wconf 88' lang='lat' dir='ltr'><strong>codice</strong></span> <span class='ocrx_word' id='word_1_102' title='bbox 556 1884 693 1957; x_wconf 91' lang='lat' dir='ltr'><strong>Veneto,</strong></span> <span class='ocrx_word' id='word_1_103' title='bbox 713 1907 798 1966; x_wconf 90' lang='lat' dir='ltr'><strong>quem</strong></span> <span class='ocrx_word' id='word_1_104' title='bbox 821 1887 920 1951; x_wconf 79' lang='lat' dir='ltr'><strong>laudat</strong></span> 
     </span>
     <span class='ocr_line' id='line_1_19' title="bbox 235 1974 918 2057; baseline -0.004 -16"><span class='ocrx_word' id='word_1_105' title='bbox 235 1979 270 2041; x_wconf 90' lang='lat' dir='ltr'><strong>P.</strong></span> <span class='ocrx_word' id='word_1_106' title='bbox 290 1980 437 2040; x_wconf 70' lang='lat' dir='ltr'><strong>Vielorius</strong></span> <span class='ocrx_word' id='word_1_107' title='bbox 461 1977 497 2037; x_wconf 87' lang='lat' dir='ltr'><strong>ad</strong></span> <span class='ocrx_word' id='word_1_108' title='bbox 519 1975 669 2037; x_wconf 85' lang='lat' dir='ltr'><strong>Ciceronis</strong></span> <span class='ocrx_word' id='word_1_109' title='bbox 693 1974 781 2057; x_wconf 86' lang='lat' dir='ltr'><strong>Epist.</strong></span> <span class='ocrx_word' id='word_1_110' title='bbox 803 2000 845 2049; x_wconf 89' lang='lat'><strong>2,</strong></span> <span class='ocrx_word' id='word_1_111' title='bbox 871 1999 918 2041; x_wconf 82' lang='lat'><strong>12.</strong></span> 
     </span>
     <span class='ocr_line' id='line_1_20' title="bbox 234 2070 920 2155; baseline -0.003 -23"><span class='ocrx_word' id='word_1_112' title='bbox 234 2070 342 2155; x_wconf 69' lang='lat' dir='ltr'><strong>&#39;quique</strong></span> <span class='ocrx_word' id='word_1_113' title='bbox 371 2070 457 2131; x_wconf 91' lang='lat' dir='ltr'><strong>hodie</strong></span> <span class='ocrx_word' id='word_1_114' title='bbox 483 2092 543 2129; x_wconf 90' lang='lat' dir='ltr'><strong>non</strong></span> <span class='ocrx_word' id='word_1_115' title='bbox 573 2070 693 2149; x_wconf 87' lang='lat' dir='ltr'><strong>amplius</strong></span> <span class='ocrx_word' id='word_1_116' title='bbox 723 2073 856 2149; x_wconf 84' lang='lat' dir='ltr'><strong>reperiuu</strong></span> <span class='ocrx_word' id='word_1_117' title='bbox 886 2075 920 2135; x_wconf 86' lang='lat' dir='ltr'><strong>in</strong></span> 
     </span>
     <span class='ocr_line' id='line_1_21' title="bbox 236 2160 918 2253; baseline 0 -24"><span class='ocrx_word' id='word_1_118' title='bbox 236 2172 370 2253; x_wconf 82' lang='lat' dir='ltr'><strong>catalogo</strong></span> <span class='ocrx_word' id='word_1_119' title='bbox 392 2163 570 2226; x_wconf 86' lang='lat' dir='ltr'><strong>bibliothecae</strong></span> <span class='ocrx_word' id='word_1_120' title='bbox 594 2166 622 2225; x_wconf 74' lang='lat' dir='ltr'><strong>S;</strong></span> <span class='ocrx_word' id='word_1_121' title='bbox 650 2160 753 2224; x_wconf 70' lang='lat' dir='ltr'><strong>Murci.</strong></span> <span class='ocrx_word' id='word_1_122' title='bbox 778 2166 918 2246; x_wconf 84' lang='lat' dir='ltr'><strong>Spirensis</strong></span> 
     </span>
     <span class='ocr_line' id='line_1_22' title="bbox 233 2260 917 2339; baseline -0.006 -12"><span class='ocrx_word' id='word_1_123' title='bbox 233 2266 350 2327; x_wconf 70' lang='lat' dir='ltr'><strong>‘officina</strong></span> <span class='ocrx_word' id='word_1_124' title='bbox 374 2262 503 2323; x_wconf 87' lang='lat' dir='ltr'><strong>Veneriis</strong></span> <span class='ocrx_word' id='word_1_125' title='bbox 531 2260 614 2329; x_wconf 86' lang='lat' dir='ltr'><strong>fuit,</strong></span> <span class='ocrx_word' id='word_1_126' title='bbox 635 2268 663 2319; x_wconf 90' lang='lat'>&amp;</span> <span class='ocrx_word' id='word_1_127' title='bbox 687 2261 793 2339; x_wconf 86' lang='lat' dir='ltr'><strong>primus</strong></span> <span class='ocrx_word' id='word_1_128' title='bbox 819 2262 856 2320; x_wconf 85' lang='lat' dir='ltr'><strong>ab</strong></span> <span class='ocrx_word' id='word_1_129' title='bbox 881 2284 917 2323; x_wconf 92' lang='lat' dir='ltr'><strong>eo</strong></span> 
     </span>
     <span class='ocr_line' id='line_1_23' title="bbox 235 2350 917 2435; baseline -0.007 -16"><span class='ocrx_word' id='word_1_130' title='bbox 235 2360 340 2430; x_wconf 84' lang='lat' dir='ltr'><strong>liber(</strong></span> <span class='ocrx_word' id='word_1_131' title='bbox 352 2355 410 2417; x_wconf 88' lang='lat' dir='ltr'><strong>scil</strong></span> <span class='ocrx_word' id='word_1_132' title='bbox 429 2352 516 2435; x_wconf 87' lang='lat' dir='ltr'><strong>Epist.</strong></span> <span class='ocrx_word' id='word_1_133' title='bbox 540 2352 688 2423; x_wconf 83' lang='lat' dir='ltr'><strong>Ciceronis</strong></span> <span class='ocrx_word' id='word_1_134' title='bbox 710 2350 746 2411; x_wconf 83' lang='lat' dir='ltr'><strong>ad</strong></span> <span class='ocrx_word' id='word_1_135' title='bbox 766 2352 917 2432; x_wconf 87' lang='lat' dir='ltr'><strong>diversos)</strong></span> 
     </span>
     <span class='ocr_line' id='line_1_24' title="bbox 234 2443 916 2529; baseline -0.004 -19"><span class='ocrx_word' id='word_1_136' title='bbox 234 2450 326 2511; x_wconf 87' lang='lat' dir='ltr'><strong>editus</strong></span> <span class='ocrx_word' id='word_1_137' title='bbox 347 2447 386 2509; x_wconf 90' lang='lat' dir='ltr'><strong>est</strong></span> <span class='ocrx_word' id='word_1_138' title='bbox 401 2470 476 2508; x_wconf 88' lang='lat' dir='ltr'><strong>anno</strong></span> <span class='ocrx_word' id='word_1_139' title='bbox 503 2456 589 2520; x_wconf 84' lang='lat'>1469.</span> <span class='ocrx_word' id='word_1_140' title='bbox 602 2443 725 2503; x_wconf 86' lang='lat' dir='ltr'><strong>Videtur</strong></span> <span class='ocrx_word' id='word_1_141' title='bbox 742 2466 810 2529; x_wconf 87' lang='lat' dir='ltr'><strong>ergo</strong></span> <span class='ocrx_word' id='word_1_142' title='bbox 824 2446 916 2507; x_wconf 81' lang='lat' dir='ltr'><strong>Taci-</strong></span> 
     </span>
     <span class='ocr_line' id='line_1_25' title="bbox 236 2537 916 2622; baseline -0.001 -17"><span class='ocrx_word' id='word_1_143' title='bbox 236 2564 302 2617; x_wconf 85' lang='lat' dir='ltr'><strong>tus,</strong></span> <span class='ocrx_word' id='word_1_144' title='bbox 323 2544 360 2605; x_wconf 84' lang='lat' dir='ltr'><strong>ad</strong></span> <span class='ocrx_word' id='word_1_145' title='bbox 378 2542 529 2614; x_wconf 87' lang='lat' dir='ltr'><strong>eumdem,</strong></span> <span class='ocrx_word' id='word_1_146' title='bbox 546 2559 593 2600; x_wconf 88' lang='lat' dir='ltr'><strong>aut</strong></span> <span class='ocrx_word' id='word_1_147' title='bbox 606 2539 732 2621; x_wconf 73' lang='lat' dir='ltr'><strong>proxime</strong></span> <span class='ocrx_word' id='word_1_148' title='bbox 748 2537 916 2622; x_wconf 85' lang='lat' dir='ltr'><strong>sequentem</strong></span> 
     </span>
     <span class='ocr_line' id='line_1_26' title="bbox 236 2631 561 2714; baseline -0.018 -15"><span class='ocrx_word' id='word_1_149' title='bbox 236 2658 344 2699; x_wconf 84' lang='lat' dir='ltr'><strong>annum</strong></span> <span class='ocrx_word' id='word_1_150' title='bbox 365 2635 460 2695; x_wconf 87' lang='lat' dir='ltr'><strong>referri</strong></span> <span class='ocrx_word' id='word_1_151' title='bbox 478 2631 561 2714; x_wconf 80' lang='lat' dir='ltr'><strong>porse.</strong></span> 
     </span>
    </p>
   </div>
   <div class='ocr_carea' id='block_1_3' title="bbox 275 2728 915 2868">
    <p class='ocr_par' dir='ltr' id='par_1_4' title="bbox 275 2728 1025 3006">
     <span class='ocr_line' id='line_1_27' title="bbox 275 2728 915 2805; baseline -0.008 -10"><span class='ocrx_word' id='word_1_152' title='bbox 275 2734 295 2795; x_wconf 89' lang='lat' dir='ltr'>S</span> <span class='ocrx_word' id='word_1_153' title='bbox 303 2752 317 2793; x_wconf 76' lang='lat' dir='ltr'><strong>e</strong></span> <span class='ocrx_word' id='word_1_154' title='bbox 326 2752 389 2804; x_wconf 78' lang='lat' dir='ltr'><strong>our</strong></span> <span class='ocrx_word' id='word_1_155' title='bbox 399 2750 473 2793; x_wconf 81' lang='lat' dir='ltr'><strong>rur</strong></span> <span class='ocrx_word' id='word_1_156' title='bbox 487 2728 575 2790; x_wconf 87' lang='lat' dir='ltr'><strong>editio</strong></span> <span class='ocrx_word' id='word_1_157' title='bbox 588 2728 729 2789; x_wconf 80' lang='lat' dir='ltr'><strong>Francisci</strong></span> <span class='ocrx_word' id='word_1_158' title='bbox 741 2729 915 2805; x_wconf 81' lang='lat' dir='ltr'><strong>Puteolani,</strong></span> 
     </span>
     <span class='ocr_line' id='line_1_28' title="bbox 886 2825 909 2868; baseline -0.007 139"><span class='ocrx_word' id='word_1_159' title='bbox 886 2825 909 2868; x_wconf 82' lang='grc'><em>“</em></span> 
     </span>
    </p>
   </div>
   <div class='ocr_carea' id='block_1_4' title="bbox 0 0 1042 3659">
    <p class='ocr_par' dir='ltr' id='par_1_5' title="bbox 0 0 1042 3659">
     <span class='ocr_line' id='line_1_29' title="bbox 0 0 1042 3659; baseline 0 4"><span class='ocrx_word' id='word_1_160' title='bbox 0 0 1042 3659; x_wconf 95' lang='lat' dir='ltr'><strong> </strong></span> 
     </span>
    </p>
   </div>
  </div>
 </body>
</html>
