2075 3659
193 300 442 373 AuuAttuu
466 302 552 371 Lm.
578 302 647 372 IV.
696 326 761 373 211

79 422 261 505 providebat
280 446 287 480 ι
312 444 461 505 corporum
480 422 618 493 verbera,
644 421 765 505 ademp-

77 508 183 566 tiones
208 506 347 565 bonorum
365 506 491 565 aberant.

127 586 202 646 VII.
219 586 299 663 ⁴Ruri
322 606 369 667 per
395 586 509 648 Italiam
536 586 654 647 cesaris
675 586 767 670 agris

79 666 219 728 modesta
245 669 357 729 servitia
383 691 390 725 z
420 670 492 729 intra
524 688 627 747 paucos
652 668 769 730 libertos

81 750 195 810 domus
214 774 222 807 ι
238 771 292 818 ac,
313 751 337 809 si
357 750 472 831 quando
492 770 558 809 cum
579 752 693 830 privatis
714 750 770 811 dis»

83 852 239 913 ceptaret,
269 830 364 889 forum
392 840 420 892 &
443 842 496 911 jus.
534 831 606 907 Quae
634 834 769 905 'sunem'

84 936 151 973 non
177 912 292 994 quidem
310 914 387 971 comi
401 912 467 983 viu,
490 914 538 973 sed
562 909 709 983 horridus,
733 934 768 973 ae

85 996 258 1075 plerumque
278 993 464 1066 formidatus,
484 994 627 1055 retinebat
647 1014 744 1055 tamen
754 1038 766 1065 ,

86 1074 185 1135 donec
214 1096 305 1135 morte
332 1076 417 1136 Drusi
441 1092 612 1137 verterentur
640 1100 647 1132 ε
675 1097 767 1147 nam,

89 1157 165 1217 dum
186 1156 344 1237 superfuit,
367 1178 508 1229 mansere3
552 1160 599 1216 uia
623 1158 740 1237 Sejanus
754 1201 767 1227 ,

86 1241 245 1320 incipiente
266 1236 358 1297 adhuc
378 1238 521 1321 potentii,
581 1240 625 1299 nis
644 1241 769 1303 consiliis

86 1342 235 1381 notescere
264 1321 398 1392 volebat,
423 1330 450 1381 δι
473 1321 549 1381 ultor
573 1320 770 1393 metuebatur,

87 1426 152 1463 non
180 1403 305 1462 occultus
334 1401 413 1472 odii,
447 1410 474 1463 δι
503 1400 600 1460 crebrb
630 1422 769 1483 querens,

89 1485 228 1545 incolumi
231 1485 314 1563 filio,
328 1484 478 1565 adjutorem
493 1484 604 1559 imperii
617 1484 703 1543 ulium
720 1506 771 1543 uo·

89 1568 153 1626 curi
171 1572 181 1625 .'·
197 1562 223 1625 ἃ
237 1584 365 1643 quantum
384 1586 523 1640 superesse
538 1582 568 1623 ut
579 1566 682 1643 collega
695 1564 771 1623 dica-

89 1652 159 1707 tur?
175 1648 290 1707 Primus
305 1647 467 1705 dominandi
482 1669 544 1721 spes
561 1648 591 1703 in
605 1649 689 1705 arduo
702 1669 712 1704 :
724 1646 772 1704 ubi

90 1732 135 1789 sis
152 1730 310 1808 ingressus,
322 1732 416 1787 adesse
418 1727 511 1810 studia
520 1725 547 1789 ἃ
557 1729 713 1810 ministros:
724 1750 773 1787 ex·

82 1814 188 1895 strueiu,
197 1811 282 1891 jum,
302 1828 397 1885 sponte
410 1810 531 1890 praesedi
540 1856 550 1879 ,
568 1811 653 1891 castra
660 1832 674 1883 ,¹
691 1813 772 1870 datos

81 1894 124 1951 ‹iu
149 1914 259 1951 martum
281 1892 415 1952 milites:
441 1888 516 1951 ce'rtti
536 1892 648 1970 effigiem
665 1893 723 1970 ejus
741 1893 772 1951 iu

91 1975 277 2033 monumentis
290 1976 337 2033 Cn.
346 1972 474 2046 Pompeii
482 1996 492 2030 .·
499 1994 651 2031 communes
659 1974 706 2030 illi
711 1994 771 2031 cum

82 2057 205 2136 familia
224 2055 380 2113 Drusorum
390 2056 453 2133 fore
462 2070 571 2127 nepotes
583 2076 593 2111 .·
607 2057 772 2127 precandam

91 2139 150 2213 polI
161 2136 215 2196 huc
229 2136 385 2217 modestiam
392 2180 403 2204 ,
419 2152 448 2192 ut
459 2152 598 2193 contentus
609 2150 690 2193 esset.
704 2134 770 2193 Ne-

95 2210 152 2300 que
168 2216 252 2289 turb,
267 2216 358 2297 neque
378 2215 451 2297 apud
470 2236 575 2295 paucos
592 2216 660 2276 taliu
679 2217 770 2295 jacie-

94 2300 177 2359 brt:
206 2308 234 2361 &
266 2317 370 2359 secreta
396 2318 510 2379 quoque
535 2302 615 2379 ejus,
643 2317 772 2379 corrupte
842 2337 850 2347 ·

97 2400 203 2450 uxore,
228 2380 423 2461 prodebantur.
764 2413 767 2418 <

137 2462 221 2522 VIII.
244 2462 336 2544 Igitur
354 2463 488 2541 Sejanus,
511 2460 711 2520 mamrandum
731 2478 773 2518 ra·

95 2566 165 2619 tus,
188 2543 289 2627 deligit
303 2562 464 2613 venenum,
481 2562 539 2621 quo
562 2542 708 2621 paullatim
727 2542 773 2601 in-

95 2646 229 2707 repente,
255 2624 386 2685 fortuitus
402 2622 516 2682 morbus
536 2622 773 2682 adsimularetur:

96 2709 128 2767 id
143 2708 237 2767 Druso
256 2707 356 2766 datum
378 2726 425 2785 per
441 2702 574 2785 Lygdum
598 2702 773 2783 spadonem,

62 2846 64 2851 .
97 2810 129 2851 ut
146 2793 211 2851 octo
226 2787 288 2872 post
306 2808 394 2853 annos
411 2788 559 2872 cognitum
573 2783 620 2848 est.
638 2782 774 2847 Ceterum
