2075 3659
190 299 439 371 Annrttvtt
464 304 549 374 ltu.
574 306 643 375 IV.
703 326 768 399 215

83 423 313 562 coupuirerent,
343 422 585 505 intenderentque.
606 423 686 485 Mihi
709 446 770 488 tra·

85 504 148 565 den
172 503 385 643 implendique
403 509 523 565 tumoris
534 527 618 566 causa
630 504 705 579 fuit,
722 530 774 581 ut,

86 586 173 646 claro
192 607 223 645 su
263 586 412 665 exemplo,
434 585 518 649 fauts
539 588 701 650 auditiones
724 590 778 651 de-

88 666 251 749 pellerem,
272 688 454 750 peteremque
474 669 582 741 abiis,
602 690 725 753 quorum
744 674 777 733 in

86 770 199 823 manus
221 770 284 807 cura
307 746 400 810 nostra
421 752 546 822 uenerit,
570 772 606 811 ne
627 751 777 835 divulgata

89 849 185 911 atque
206 829 404 902 incredibilia,
430 832 512 893 avidd
531 852 666 913 accepta,
682 836 776 904 veris,

92 932 191 993 neque
213 913 244 973 in
275 913 444 973 miraculum
468 916 627 995 corruptis,
651 913 776 977 anteha-

92 992 194 1053 beant.

139 1073 209 1134 XII.
230 1073 366 1135 Cetettlm
385 1075 517 1138 laudante
538 1074 628 1137 filium
663 1098 696 1137 ro
715 1098 777 1139 ros⁴

95 1156 150 1217 tris
168 1155 303 1227 Tiberio,
322 1178 431 1218 senatus
452 1160 624 1239 populusque
644 1098 664 1218 l

665 1160 778 1221 abitum

96 1258 134 1298 ac
162 1258 244 1299 voces
275 1236 441 1310 dolentum,
473 1240 653 1301 simulatione
685 1244 778 1325 magis

97 1315 190 1402 quium
211 1320 300 1379 libens
328 1320 483 1392 induebat,
503 1321 678 1402 domumque
697 1323 778 1383 Ger-

99 1401 212 1459 manici
243 1403 431 1473 revitescere,
462 1404 570 1463 occulti
602 1402 779 1463 lxtabautur.

100 1480 195 1558 Quod
212 1483 380 1562 principium
397 1482 518 1555 fauoris,
531 1492 559 1543 δι
571 1504 662 1543 mater
673 1484 744 1567 Agri

101 1564 194 1643 pina,
216 1583 293 1642 spem
316 1564 390 1625 male
413 1584 529 1648 tegens,
551 1566 702 1644 perniciem
722 1587 739 1625 a
762 1598 781 1613 -

100 1645 266 1705 toleravere.
288 1645 367 1705 Nam
386 1645 502 1725 Sejanus
519 1648 569 1705 ubi
586 1646 684 1717 videt,
705 1667 782 1706 mor·

103 1746 166 1787 tem
191 1724 276 1787 Drusi
303 1728 422 1788 inultam
446 1727 699 1798 interfedoribus,
720 1729 782 1789 sine

103 1828 227 1869 moerore
248 1808 361 1887 publico
383 1830 458 1881 esse,
479 1808 558 1870 ferox
577 1811 731 1881 scelemm‚
753 1820 782 1871 δι
812 1888 819 1895 ¹

104 1892 175 1972 quia
193 1891 283 1969 prima
304 1912 505 1971 provenerunt,
524 1891 652 1951 volutare
668 1910 781 1963 secum,

102 1992 235 2053 quonam
253 1973 341 2032 modo
362 1973 529 2033 Germanici
549 1972 652 2032 liberos
673 1990 785 2050 perver⁴

106 2073 203 2125 teret,
224 2074 345 2134 quorum
367 2076 425 2114 non
441 2052 528 2112 dubia
543 2054 679 2112 successio
702 2074 710 2108 z
732 2072 784 2111 ne·

106 2156 165 2218 que
181 2138 274 2218 spargi
287 2156 426 2195 venenum
446 2135 476 2193 in
491 2154 546 2194 tres
558 2152 685 2211 poterat,
699 2154 784 2215 egre-

109 2215 161 2299 gil
178 2214 324 2276 custodum
338 2214 412 2287 fide,
430 2223 457 2275 &
473 2213 609 2294 pudicitid
622 2215 786 2298 Agrippinz

108 2298 327 2376 impenetrabili.
340 2298 353 2357 l
376 2300 431 2359 itur
441 2299 650 2357 contumacium
663 2302 719 2375 ejus
734 2298 784 2357 in·

110 2382 232 2449 sectari,
253 2402 333 2441 vetus
351 2320 482 2463 dugustae
503 2379 623 2451 odium,
644 2399 787 2441 recentem

111 2460 203 2523 Liviae
224 2464 426 2523 conscientium
447 2465 615 2545 exagitare,
638 2480 670 2520 ut
690 2480 786 2534 super·

112 2541 211 2613 biam,
227 2545 397 2621 ficutrditatt
419 2543 566 2603 subnixam
578 2588 590 2612 ,
607 2541 787 2616 popularibus

108 2625 210 2705 studiis
223 2626 331 2685 inhiare
345 2625 545 2696 dominationi,
558 2622 633 2702 apud
645 2622 789 2683 Caesarem

113 2726 273 2789 arguerent.
290 2705 391 2788 Adque
413 2702 471 2765 haec
491 2705 599 2766 callidis
617 2705 787 2761 criminato-

114 2788 192 2855 ribus
207 2790 304 2890 (inter
322 2808 394 2872 quos
405 2786 547 2873 delegerat
565 2786 673 2850 Iulium
684 2782 790 2852 Polus
