2075 3659
256 320 302 387 86
371 316 408 386 C.
437 318 583 386 cnnn.
615 318 809 385 TAchr

253 436 395 498 deducunt
419 459 426 493 ε
451 438 475 495 is
499 434 608 495 medius
634 437 707 495 inter
728 436 883 518 Visurgim
908 445 937 499 δί

254 520 360 588 colles,
380 538 411 578 ut
426 520 492 597 ripae
513 519 638 575 fluminis
657 516 775 587 cedunt,
797 537 849 577 aut
873 538 936 596 pro-

253 600 392 659 minentia
418 600 561 658 montium
586 596 733 669 resistunt,
759 600 938 679 inaequaliter

253 683 380 743 unitatur
401 703 408 737 z
427 701 502 759 pone
525 700 635 761 tergum
655 680 822 762 insurgebat
846 682 938 752 silva,

253 761 337 823 editis
350 763 381 820 in
396 762 485 821 altum
503 762 606 831 ramis,
626 770 654 819 δι
667 759 735 839 puri
754 758 846 819 humo
864 764 938 822 inter

253 843 387 902 arborum
409 862 530 904 truncos.
555 842 702 920 Campum
724 850 751 901 &
769 844 863 921 prirna
884 844 937 903 sil-

253 944 354 984 varum
367 924 485 983 barbara
504 925 578 983 acies
591 925 682 983 tenuit
698 946 706 978 ι
722 922 776 981 soli
796 922 942 985 Cher‘usei

253 1010 321 1086 juga
339 1003 484 1074 insedere,
510 1023 542 1063 ut
574 1003 767 1084 proeliantibus
795 1004 940 1066 Romanis

255 1085 371 1162 desuper
398 1088 576 1145 incurrerent.
604 1083 706 1143 Noster
733 1088 872 1145 exercitus
900 1089 939 1146 sic

254 1166 367 1225 incessit
390 1188 397 1221 ε
416 1167 563 1225 auxiliares
576 1166 673 1237 Galli,
694 1167 894 1248 Germanique
910 1170 939 1228 in

255 1246 349 1306 fronte
365 1270 372 1303 t
389 1245 450 1325 poll
466 1268 540 1327 quos
557 1246 664 1328 pedites
684 1250 826 1329 sagittarii
847 1272 855 1305 t
873 1248 940 1309 dein

255 1348 377 1410 quatuor
400 1330 544 1409 legiones,
569 1338 597 1389 δι
618 1350 683 1387 cum
705 1328 813 1389 duabus
831 1350 938 1409 praeto-

255 1410 304 1471 riis
319 1407 504 1480 cohortibus,
526 1433 559 1470 ac
577 1411 688 1470 deletio
707 1412 801 1491 equite
822 1410 941 1472 Caesare
1029 1448 1030 1458 κ

257 1493 321 1552 exin
339 1492 459 1552 totidem
478 1493 539 1552 aliae
554 1494 698 1573 legiones,
713 1500 740 1553 δι
755 1492 826 1552 levis
839 1514 939 1555 urme-

256 1594 318 1634 tura
335 1595 399 1632 cum
420 1575 513 1656 equire
530 1575 696 1651 sagittario,
719 1594 873 1654 ceteraeque
894 1596 943 1634 so-
1030 1640 1031 1655 p

256 1657 365 1714 ciorum
386 1653 526 1715 cohortes.
549 1650 677 1716 Intentus
697 1676 866 1735 paratusque
889 1660 943 1717 mi-

256 1737 313 1807 les,
330 1756 362 1795 ut
376 1736 447 1795 ordo
466 1739 590 1818 agminis
607 1740 637 1797 in
654 1738 745 1796 aciem
765 1735 921 1799 adsisteret.

297 1817 395 1877 XVII.
428 1818 506 1877 Visis
543 1817 751 1879 Cheruscorum
785 1822 941 1892 catervis,

257 1918 320 1980 quae
339 1920 388 1979 pet
407 1898 542 1959 ferociam
570 1920 771 1979 proruperant,
791 1902 940 1961 validissi-

258 2000 322 2040 mos
342 1983 468 2062 equiturn
492 1983 627 2039 incurrere
652 1984 747 2052 latus,
771 1982 942 2042 Stertinium

192 2104 197 2111 -
258 2083 324 2122 cum
348 2064 446 2123 ceteris
463 2064 561 2123 turmis
578 2062 784 2146 circumgredi,
804 2084 944 2145 tergaque

258 2143 392 2204 invadere
415 2144 513 2222 jubet,
537 2147 594 2223 ipse
619 2146 648 2203 in
670 2164 797 2225 tempore
817 2145 943 2206 adfutu-

258 2245 311 2285 rus.
333 2226 442 2286 Interea
464 2224 680 2304 pulchenimum
701 2228 851 2309 augurium
874 2231 944 2287 oete

259 2308 361 2386 aquilae
376 2326 468 2385 petere
482 2308 565 2365 silvas
590 2316 616 2367 &
637 2310 739 2367 intrare
765 2309 854 2379 visre,
880 2310 943 2367 im-

259 2399 417 2468 peratorem
445 2387 589 2449 advertere
616 2412 623 2445 t
649 2390 819 2449 exclamat:
844 2392 943 2461 Irene,

260 2488 432 2546 sequerentur
451 2468 592 2529 Romanas
610 2494 699 2541 aves,
715 2472 830 2545 propria
850 2474 943 2551 legio-

262 2572 326 2611 num
347 2553 483 2624 numina‚·
503 2552 587 2611 simul
609 2552 737 2632 pedestris
763 2555 836 2611 acies
858 2552 947 2612 infer·

265 2652 327 2704 tur,
356 2644 383 2695 &
410 2638 562 2715 premissus
591 2654 697 2714 eques,
728 2632 884 2713 postremos
912 2656 948 2693 ac

265 2715 351 2776 latera
365 2718 479 2796 impulit
493 2741 499 2773 ι
515 2718 672 2797 mirumque
685 2717 778 2787 disin,
796 2714 853 2775 duo
872 2712 945 2775 hos-

266 2798 338 2858 tium
366 2802 505 2881 agmina,
529 2796 638 2861 divetsi
661 2797 752 2882 fugi,
769 2799 820 2880 qui
843 2798 948 2858 silvam
