2075 3659
201 288 461 396 {iustitium
486 293 572 364 Lis.
597 293 665 365 IV.
718 301 781 364 261

151 411 278 474 LXVII.
302 416 342 474 At
361 414 458 476 Casas
476 413 611 474 dedicatis
626 435 674 495 per
695 413 787 476 Cam·

103 499 230 577 passiam
257 496 389 575 templis,
412 517 586 578 quamquam
607 493 700 556 edicio
722 517 788 554 mo-

105 580 238 647 nuisset,
260 583 295 636 ite
313 577 374 653 quis
392 579 506 654 quietem
526 579 583 661 ejus
603 577 787 652 inrumperet,

107 665 319 738 concursusque
343 657 549 736 oppidanorum
570 656 704 738 disposito
727 658 788 716 mi-

106 739 164 799 lite
187 735 418 818 prohiberentur3
440 759 551 818 perosus
570 757 665 798 tamen
689 739 788 798 muni-

108 822 212 898 cipia,
241 828 269 879 &
293 820 441 889 colonias,
466 821 618 900 omniaque
637 822 667 879 in
693 819 788 878 conti-

110 903 198 961 nenti
212 902 283 971 sita,
299 899 424 981 Capreas
437 921 465 958 se
480 902 511 959 in
527 901 646 964 iusttlam
661 899 790 971 abdidit,

111 985 204 1042 trium
220 982 340 1040 millium
357 979 428 1039 freto
443 981 480 1040 ab
495 983 624 1040 extremis
638 981 792 1043 Surrentini

111 1064 306 1146 promontorii
330 1061 492 1140 dijuneiam.
518 1062 705 1122 Solitudinem
734 1065 792 1140 ejus
824 1087 826 1094 ·

114 1145 255 1226 placuisse
282 1145 405 1202 maxime
435 1143 623 1214 crediderim,
654 1143 792 1224 quoniam

114 1229 327 1306 importuosum
346 1222 418 1283 circi
437 1246 534 1295 mate,
555 1234 582 1285 &
603 1226 649 1284 vix
672 1224 794 1283 modieis

117 1309 245 1390 navigiis
266 1327 355 1388 pauca
376 1306 519 1376 subsidia3
542 1325 631 1385 neque
658 1305 794 1384 adpulerit

117 1391 294 1471 quisquam,
312 1389 366 1446 nisi
381 1407 471 1469 gnaro
490 1384 601 1446 custode
621 1387 706 1444 :coeli
722 1405 794 1445 tem-

117 1471 212 1553 peries
234 1466 325 1527 bieme
345 1470 441 1540 mitis,
462 1467 575 1546 objedlu
594 1469 717 1534 montis,
737 1485 795 1546 quo

118 1571 199 1612 saeva
218 1570 366 1610 ventorum
385 1569 512 1609 arcentur
533 1571 539 1606 t
558 1545 634 1606 aestas
655 1549 685 1606 in
703 1545 797 1606 Favo-

110 1634 206 1694 'nium
227 1631 364 1702 obversa,
390 1639 418 1690 &
445 1649 540 1710 aperto
567 1626 670 1686 circtim
695 1627 797 1710 pelago

120 1735 317 1796 peramoena3
357 1711 604 1792 prospedtabatque
645 1705 799 1788 pulcherri-

121 1815 208 1856 mum
233 1797 345 1864 sinum,
374 1814 525 1874 antequam
551 1793 690 1852 Vesuvius
715 1810 799 1850 mons

117 1877 271 1938 *ardescens
289 1875 392 1935 fatiem
407 1876 464 1934 loci
484 1891 609 1934 verteret.
633 1873 746 1932 Graecos
765 1891 799 1931 ea

122 1960 266 2028 tenuisse,
287 1957 466 2036 Capreasque
484 1954 620 2013 Telebois
640 1950 800 2022 habitatas,

124 2039 208 2101 fama
228 2039 319 2098 tradit.
340 2037 396 2097 Sed
411 2056 472 2094 tum
493 2034 626 2094 Tiberius
650 2030 800 2090 duodecim

126 2123 261 2182 villamm
285 2117 470 2188 nominibus,
495 2126 523 2175 δι
547 2113 668 2172 molibus
693 2111 802 2172 insedess

129 2221 197 2272 rat5
215 2198 324 2282 quanti)
340 2203 460 2258 intentus
477 2198 547 2255 olim
563 2193 686 2275 publicas
702 2193 738 2252 ad
757 2213 802 2252 cu·

128 2305 192 2353 τες,
218 2279 299 2341 tanto
321 2282 457 2340 occultior
480 2280 511 2337 in
532 2279 629 2346 luxus,
646 2284 673 2335 &
694 2275 802 2334 malum

129 2367 225 2424 otium
240 2362 382 2422 resolutus
397 2359 536 2422 Manebat
545 2361 647 2441 quippe
662 2358 801 2436 suspicio-

130 2467 204 2508 num
220 2454 246 2504 &
266 2443 394 2504 credendi
408 2443 566 2512 temeritas,
585 2459 671 2521 quam
688 2438 803 2516 Sejanus

132 2549 173 2589 au
194 2547 238 2584 ete
256 2529 342 2585 etiam
362 2528 392 2584 in
410 2524 478 2583 urbe
499 2540 609 2590 suetus,
632 2516 719 2578 acritis
740 2537 801 2576 tur-

131 2549 241 2679 baias,
262 2630 320 2668 non
336 2612 395 2685 jam
411 2604 527 2663 occultis
543 2601 689 2661 adversum
703 2598 805 2678 Agrip-

130 2694 235 2775 pinam
254 2698 280 2750 &
302 2689 447 2748 Neronem
463 2683 571 2743 insidiis
589 2705 595 2738 :
613 2682 675 2761 quis
695 2678 806 2762 additus

131 2773 237 2845 miles,
249 2773 377 2844 nuntios,
395 2769 542 2838 introitus,
556 2780 671 2846 aperta,
687 2777 805 2834 secreta,
