2075 3659
281 296 328 377 96
404 290 441 357 C.
470 290 612 359 Cocta.
644 292 826 357 TAcrrr
910 339 912 342 -

278 408 393 471 Inerant
411 418 437 467 ὃ(
451 410 506 467 alia
520 408 736 485 huiuscemodi,
758 407 882 477 stolida,
902 431 953 469 va·

279 512 336 560 na3
357 492 381 548 si
404 491 516 548 mollitis
536 492 691 569 acciperes,
707 490 876 549 miseranda.
898 492 956 551 Uni

280 591 376 631 tamen
394 572 511 648 libello,
534 592 620 630 manu
639 572 775 641 Libonis,
792 572 957 630 nominibus

281 651 425 711 Caesarum
447 672 496 711 aut
513 673 699 721 senatorum,
721 652 833 711 additas
852 673 957 713 atroces
1028 670 1029 731 l

233 777 235 780 -
280 733 327 791 vel
356 734 480 792 occultas
506 754 607 802 noras,
639 754 783 792 accusator
812 734 958 816 arguebat.
1004 761 1011 778 ·

281 813 414 895 Negante
447 835 518 884 reo,
556 833 740 896 agnoscentes
776 834 874 873 servos
916 836 960 894 pet

283 915 424 953 tormenta
446 897 612 977 interrogari
632 895 746 974 placuit.
765 895 806 954 Et
823 898 894 977 quia
914 917 961 955 ve-

283 996 339 1035 tere
359 978 599 1036 senatusconsulto
615 974 728 1055 questio
750 977 780 1035 in
802 998 891 1057 caput
910 977 961 1035 do-

282 1058 355 1114 mini
375 1055 592 1134 prohibebatur,
616 1057 731 1116 callidus
756 1066 783 1115 &
802 1061 877 1117 novi
897 1061 962 1138 juris
1029 1100 1030 1123 t

282 1156 404 1215 repertor
425 1136 556 1197 Tiberius
580 1140 734 1217 mancipari
754 1140 885 1221 singulos
912 1161 961 1197 ac-

284 1220 340 1276 tori
353 1219 466 1297 publico
481 1220 560 1298 jubet
578 1242 585 1274 ε
600 1219 706 1278 scilicet
719 1238 750 1278 ut
765 1221 796 1277 in
816 1221 962 1279 Libonem

282 1319 319 1356 ex
333 1301 416 1359 servis
430 1301 508 1358 salvo
529 1302 768 1360 senatusconsulto
784 1322 962 1380 quaereretur.

285 1380 336 1438 Ob
351 1402 413 1460 quet
432 1380 571 1460 posterum
591 1381 667 1439 diern
687 1404 746 1440 teus
766 1384 870 1461 petivit
887 1406 894 1438 τ
911 1382 964 1440 do-

284 1482 420 1543 mumque
433 1464 583 1545 digressus,
596 1482 733 1521 extremus
742 1484 836 1540 preces
845 1464 877 1521 P.
888 1464 964 1540 Qui-

285 1545 348 1601 rino
367 1546 525 1624 propinquo
540 1564 592 1601 suo
611 1542 646 1602 ad
661 1546 814 1623 principem
835 1546 969 1605 manda--

283 1625 329 1684 'rit
352 1647 358 1679 ε
379 1643 540 1702 responsum
555 1623 612 1695 est,
630 1644 659 1683 ut
674 1644 797 1683 senatum
815 1646 934 1704 rogaret.

327 1704 437 1763 XXXl.
463 1705 640 1787 Cingebatur
666 1708 776 1766 interim
797 1709 891 1767 milite
914 1707 964 1766 do-

285 1806 368 1855 mus,
393 1784 549 1865 strepebant
576 1790 662 1846 etiarn
692 1790 722 1847 in
744 1787 904 1859 vestibulo,
932 1811 966 1851 ut

285 1867 378 1925 audiri
389 1911 398 1937 ‚
418 1886 448 1925 ut
469 1870 555 1947 aspici
573 1889 684 1947 possent
710 1892 716 1925 ε
740 1890 828 1950 quum
856 1870 934 1928 Libo
949 1917 962 1940 ,

287 1948 374 2028 ipsis,
406 1970 474 2031 quas
505 1951 535 2007 in
566 1953 749 2010 novissimam
782 1951 964 2031 voluptatem

286 2027 478 2101 adhibuerat,
511 2032 599 2111 epulis
634 2034 826 2101 excruciatus,
859 2054 964 2091 vocare

241 2144 245 2149 -
285 2131 495 2191 percussorem,
517 2132 642 2191 prensare
666 2134 807 2172 servorum
828 2111 964 2186 dextras,

289 2192 405 2250 inserere
425 2193 570 2274 gladium:
591 2214 674 2274 atque
693 2194 765 2263 illis,
782 2194 851 2252 dum
869 2198 962 2275 trepi-

287 2272 381 2340 dant,
406 2273 474 2330 dum
498 2274 660 2355 refugiunt,
688 2277 875 2335 evertentibus
904 2277 962 2336 ad-

289 2354 413 2431 positum
432 2353 529 2412 mensd
549 2355 661 2425 lumen,
682 2354 813 2415 feralibus
833 2363 891 2436 jam
908 2360 965 2419 sibi

289 2433 428 2502 tenebris,
447 2434 518 2493 duos
534 2437 603 2495 istus
621 2438 650 2495 in
666 2440 770 2516 uiscera
786 2438 895 2499 direxit.
914 2440 964 2500 Ad

312 2518 430 2573 emitum
456 2516 653 2587 conlabentis,
681 2518 823 2578 adcurrere
843 2521 963 2593 liberti,

289 2536 409 2656 dicaede
425 2600 485 2657 visa
504 2600 586 2659 miles
608 2598 721 2659 abstitit.
742 2602 894 2663 Accusatio
918 2623 963 2662 ra·

290 2699 357 2738 men
391 2680 465 2758 apud
502 2700 593 2757 patres
622 2680 829 2741 adseveratione
862 2684 963 2744 eadem

290 2764 425 2841 perusta,
452 2762 608 2843 juravitque
632 2762 783 2836 Tiberius,
809 2768 962 2841 petiturum

935 2871 963 2909 se
