2075 3659
223 300 471 374 Arruntium
495 310 580 379 Lm.
606 307 657 381 II.
711 341 777 407 119

98 419 210 486 cultum
228 423 430 486 Armeniorum
450 430 619 504 aemulatus,
648 455 776 510 venatu,

98 505 207 582 epulis,
226 513 255 564 &
268 527 329 586 quae
341 507 398 566 alia
408 509 520 570 barbari
533 512 697 586 celebrant,
712 539 779 596 pro-

99 605 177 644 ceres
200 585 368 668 plebemque
389 593 468 668 juxta
494 591 664 664 devinxerat.
688 598 778 680 Igitur

99 665 288 727 Germanicus
313 670 344 728 in
363 671 431 730 urbe
453 672 583 744 Artaxe,
609 677 776 757 adproban-

99 745 177 808 tibus
198 749 362 821 nobilibus,
387 753 555 814 circumfirsa
574 759 753 820 multitudine
764 807 777 832 ,

99 827 212 911 insigne
229 832 339 914 regium
361 835 449 913 capiti
466 840 523 916 ejus
543 838 703 918 imposuit:
727 863 778 901 ce-

99 911 155 968 teri
177 931 341 972 venerantes
358 934 476 1008 regem,
502 915 657 980 Artaxiam
678 943 779 984 consa·

98 989 245 1063 lutavete3
263 994 343 1075 quod
360 995 402 1054 illr
421 998 593 1059 vocabulum
616 1001 778 1068 indiderant

99 1091 136 1130 ex
156 1075 273 1134 nomine
291 1076 375 1136 urbis.
397 1076 438 1138 At
459 1079 505 1140 Ca
525 1081 645 1162 padoces
662 1086 692 1145 in
716 1085 777 1146 for-

99 1172 180 1213 mam
194 1159 350 1235 ·provinciae
364 1158 470 1220 redad’ti
491 1101 530 1238 Q.
553 1164 708 1226 Veranium
734 1169 777 1227 le-

120 1255 201 1294 atum
220 1259 370 1318 accepere:
384 1249 412 1300 &
427 1241 557 1322 quaedam
571 1266 604 1304 ex
622 1249 706 1329 regiis
719 1251 775 1308 tri-

98 1254 176 1376 butis
189 1316 351 1392 deminuta,
362 1318 422 1402 qud
435 1324 532 1384 mitius
542 1325 706 1388 Romanum
720 1331 777 1388 im·

99 1400 210 1478 perium
241 1421 402 1481 speraretur.
436 1403 612 1488 Comagenis
640 1409 679 1486 Q
708 1411 776 1470 Ser-

100 1500 174 1539 vaeus
198 1484 390 1562 praeponitur,
416 1504 478 1545 tum
510 1485 634 1567 primdm
670 1489 707 1549 ad
734 1496 778 1571 jus

100 1564 225 1641 praetoris
243 1566 387 1626 transsatis.

143 1643 231 1703 LVI
244 1645 266 1705 Ι.
299 1645 468 1746 Cunstarpue
501 1650 618 1709 socialia
649 1651 778 1732 prosper&
845 1707 846 1710 ,

100 1727 262 1805 composita
286 1750 347 1788 non
366 1728 432 1788 ideo
452 1730 546 1790 latum
574 1731 776 1796 Germanicum

101 1803 273 1879 habebant,
305 1809 345 1869 ob
376 1811 534 1890 superbiam
564 1813 696 1886 Pisonis,
727 1819 777 1897 qui

99 1890 190 1968 jussus
208 1909 316 1969 partem
334 1892 482 1974 legionum
505 1895 586 1974 ipse,
609 1916 657 1956 aut
670 1917 717 1975 per
736 1896 775 1956 fi-

101 1967 174 2028 lium
186 1971 218 2030 in
233 1973 401 2032 Armeniam
422 1973 538 2044 ducere,
559 1995 707 2056 utrumque
721 1989 777 2037 'ne-

101 2050 236 2133 glexerat.
258 2052 343 2134 Cyrri
359 2053 474 2114 demum
496 2054 571 2135 apud
589 2052 707 2116 hiberna
725 2058 776 2117 de-

100 2152 192 2193 cumae
211 2134 334 2217 legionis
352 2155 528 2204 convenere,
549 2133 663 2197 firmato
680 2138 777 2212 vultu,

99 2211 171 2274 Piso
183 2215 311 2277 adversus
326 2237 453 2286 metum,
465 2217 651 2278 Germanicus
663 2240 698 2278 ne
713 2222 776 2281 mi·

100 2298 166 2356 nari
183 2298 337 2359 crederetur
357 2322 364 2356 r
382 2308 411 2359 δι
430 2319 509 2370 erat,
536 2319 567 2362 ut
585 2300 687 2370 retuli,
712 2302 773 2364 cle-

99 2380 253 2441 mentior:
272 2380 321 2440 sed
336 2381 422 2440 amici
440 2379 625 2442 accendendis
643 2379 777 2444 offensio-

99 2459 187 2520 nibus
214 2460 331 2531 rallidi,
356 2460 501 2522 intendere
524 2483 612 2534 vera,
644 2463 777 2546 adgerere

100 2539 683 2624 falsa,ipsumque&Planciuam,&filios
692 2547 777 2606 variis

100 2623 198 2684 modis
207 2626 350 2684 criminati
362 2648 370 2681 ε
382 2620 523 2704 postremi>
536 2627 630 2704 paucis
645 2624 775 2688 familia-

99 2708 176 2766 rium
187 2703 325 2766 adhibitis
333 2726 424 2766 sermo
439 2726 544 2785 coeptus
556 2728 572 2764 a
585 2706 694 2768 Caesare
705 2728 777 2786 qua-

100 2788 160 2850 lem
177 2790 220 2850 ira
236 2795 265 2848 &
281 2786 466 2850 dissimulatio
482 2788 576 2870 gignit
593 2787 793 2868 :responsum'
