2075 3659
193 284 201 291 —
229 236 484 311 Anninus
508 244 592 310 Len.
617 242 649 311 Ι.
733 266 775 315 rr

93 363 144 421 uia
163 360 194 421 in
214 359 356 421 familiam
368 362 473 421 Juiium
493 382 655 445 nomenque
671 362 780 448 Augu·

94 441 142 503 stae
153 440 372 503 adsumebatut:
391 444 421 502 in
440 464 518 523 spem
538 444 691 505 secundam
703 491 712 518 ,
726 466 782 505 ne·-

93 542 177 605 potes
204 544 426 605 pronepotesque
453 548 460 581 :
485 526 570 585 terrio
602 526 692 609 gradu
714 528 780 608 pri·

93 625 188 665 mores
209 607 330 667 civitatis
350 609 493 685 scripserat
507 652 518 675 ‚
534 608 679 691 plerosque
702 608 780 667 invi-

93 707 139 747 sos
157 686 232 756 sibi,
254 687 300 747 sed
320 685 456 765 jactantii
472 686 617 769 gloridque
633 684 670 746 ad
685 686 779 767 poste·

92 787 146 828 tos.
175 768 284 847 Legata
310 789 370 827 non
398 769 470 827 uitta
493 769 605 827 civilem
633 768 778 845 modum,

92 850 147 907 nisi
175 846 254 928 qubd
286 849 391 929 populo
420 858 447 909 δι
475 848 552 928 plebi
579 850 776 990 quadriqqen-

93 930 146 989 ties
168 931 261 989 tricies
275 932 446 1012 quinquies,
460 932 646 1009 praetoriarum
667 953 682 988 c
723 953 775 991 or-

93 1012 167 1071 tium
193 1012 331 1070 militibus
356 1012 467 1093 singula
488 1010 638 1071 nummtim
660 1014 750 1073 millia
762 1060 775 1085 ,

93 1092 258 1174 legionariis
282 1112 330 1151 aut
353 1090 516 1153 cohortibus
542 1094 647 1153 civium
668 1094 778 1155 Rome·

92 1194 197 1233 norum
228 1193 353 1233 trecenos
383 1194 515 1232 nummos
546 1176 654 1236 viritim
685 1174 779 1239 datio

92 1250 171 1313 Tum
196 1255 386 1315 consultatum
407 1254 440 1311 de
460 1252 633 1325 honoribus,
655 1277 689 1313 er
710 1260 774 1337 quis

92 1335 220 1395 maxime
239 1336 361 1417 insignes
375 1336 429 1395 visi
448 1358 454 1391 :
474 1353 504 1392 ut
520 1355 603 1408 porta
620 1338 775 1411 triumphe-

91 1417 115 1473 li
131 1420 273 1476 duceretur
283 1418 393 1495 funus,
413 1416 513 1475 Gallus
533 1416 648 1476 Asinius
666 1439 676 1488 3
691 1436 722 1476 ut
738 1420 778 1477 Ie·

89 1520 154 1576 gum
171 1499 291 1556 latarum
303 1498 401 1565 tittdi,
420 1499 555 1557 vitiantes
567 1497 600 1555 ab
612 1520 643 1556 eo
652 1499 777 1575 gentium

38 1602 41 1609 ’
92 1579 227 1639 vocabula
248 1579 463 1655 attestemur,
482 1578 516 1635 L.
536 1578 683 1638 Arruntius
702 1597 777 1639 ceu·-

92 1680 178 1719 suere.
205 1657 339 1719 Addebat
365 1659 501 1718 Messana
522 1659 673 1729 Valerius,
694 1682 776 1719 teno-

92 1744 214 1803 vundum
232 1762 283 1814 per
301 1761 387 1798 annos
406 1758 605 1799 sacrmnentum
626 1741 659 1799 itt
677 1762 779 1803 uomere

99 1821 128 1881 T
124 1822 208 1881 iben'i
221 1844 231 1879 .·
245 1823 485 1903 interrogatusque
502 1820 648 1880 aTibetio
660 1868 670 1890 ,
684 1844 749 1881 trum
762 1864 778 1894 ‚

92 1926 120 1961 se
136 1905 305 1971 mandante,
321 1924 380 1960 eam
392 1904 556 1960 sententiam
566 1904 776 1977 pronutient?

92 2002 188 2057 sponte
206 1984 334 2052 dixisse,
350 1982 514 2063 respondit3
529 2005 611 2059 neque
626 1984 708 2044 iniis
720 2004 778 2061 quae

93 2068 129 2123 ed
147 2063 267 2139 rempub·
289 2066 484 2138 pertinerent,
508 2065 625 2121 consilio
647 2065 707 2122 nisi
725 2080 778 2123 suo

94 2168 233 2214 usurum,
255 2149 304 2205 vel
323 2168 383 2204 cum
399 2144 521 2219 pericu-lo
540 2144 710 2221 afflationis.
731 2146 777 2206 Ea

93 2228 152 2287 soit
176 2228 282 2307 species
307 2225 440 2287 adulandi
467 2244 613 2305 supererat.
640 2226 774 2286 Concla-

93 2328 174 2368 mant
192 2328 304 2388 patres‚
325 2330 420 2383 corpus
435 2310 473 2366 ad
486 2328 578 2385 rogum
593 2307 714 2366 humeris
733 2333 776 2368 se⁴

94 2408 220 2452 natorum
243 2390 395 2466 ferendum.
422 2388 543 2448 Remin't
567 2387 661 2449 Caesar
679 2389 776 2448 tuito·-¹

94 2472 174 2553 genti
205 2468 400 2529 moderatione
423 2492 430 2527 ε
456 2470 646 2551 populumque
678 2470 778 2529 edieto

94 2552 229 2622 monuit,
246 2574 297 2620 tte,
312 2570 342 2609 ut
360 2553 492 2627 quondam
505 2550 605 2608 nimiis
613 2552 714 2627 studiis
721 2554 774 2628 fte-

93 2654 143 2692 ntts
162 2633 226 2693 divi
241 2632 313 2690 Iulii
334 2630 505 2699 turbassent,
530 2633 571 2688 ita
582 2632 731 2709 Augustum
744 2633 777 2691 iti

87 2715 151 2791 foro
162 2712 284 2791 potitis,
303 2712 388 2791 quitus
402 2713 432 2772 itt
451 2734 544 2789 caupo
564 2710 694 2783 Martis,
713 2716 778 2773 sede

576 2796 604 2853 A
624 2799 653 2874 vj
