2075 3659
240 252 489 327 AuuAtrott
512 260 597 327 Iro.
623 260 653 328 I.
734 269 774 349 65
810 276 812 281 ·

99 376 220 439 Nomen
242 378 336 452 patris
356 379 457 452 patrie
479 378 612 439 Tiberius
637 402 653 438 a
675 380 780 459 populo

99 459 197 539 sepitis
206 457 362 540 ingestum,
377 459 535 538 repudiavit
549 484 555 517 ι
571 480 662 541 neque
677 462 706 519 in
718 464 780 521 alle

99 562 150 601 sua
173 542 280 618 jurari,
307 561 482 620 quamquam
508 562 637 601 censente
664 562 781 612 senatu,

99 622 229 702 permisit
241 644 248 697 ς
258 628 352 680 cunila
364 623 522 680 monalium
535 622 655 692 incerta,
668 622 782 701 quartid-

99 726 149 779 que
165 704 231 777 plus
248 706 361 777 adeptus
371 702 463 779 forn,
485 704 563 761 tuntd
586 727 616 762 se
640 705 729 781 mugit
750 704 781 763 in

83 784 206 842 'lubrico
224 783 332 842 didlans
352 806 358 839 :
380 804 554 843 nontamen
574 784 638 843 ideo
659 782 783 845 faciebat

99 864 191 924 fidem
213 865 302 923 civilis
314 866 425 923 animi:
440 886 506 924 nam
520 867 613 949 legem
630 863 783 943 majestatis

100 947 271 1016 reduxerat3
290 947 336 1003 cui
352 966 458 1003 nomen
473 946 548 1025 apud
567 966 670 1007 veteres
685 947 782 1019 idem,

99 1028 154 1089 sed
165 1028 221 1087 alia
233 1028 263 1085 in
275 1026 413 1105 judicium
423 1028 575 1088 veniebant
588 1051 594 1084 ε
609 1030 632 1088 si
645 1028 706 1109 quis
718 1050 781 1109 pro-

101 1108 216 1168 ditione
235 1110 405 1179 exetcitum,
427 1130 476 1169 aut
494 1110 607 1190 plebem
627 1110 779 1169 seditioni-

100 1190 172 1261 bm,
198 1190 320 1270 denique
338 1191 412 1248 male
430 1189 506 1272 gesta
523 1191 617 1270 repub.
644 1189 778 1269 mejesta-

102 1291 163 1333 tem
177 1272 275 1351 populi
287 1272 412 1331 Romani
423 1274 568 1331 minuisset
581 1296 587 1329 :
601 1272 675 1331 felle
687 1292 784 1353 argue-

104 1352 226 1424 bantur,
248 1351 323 1411 dicla
348 1354 463 1432 impune
484 1372 572 1412 etant.
593 1354 704 1411 Primus
726 1355 786 1411 Au«

104 1432 201 1519 gustus
232 1436 427 1516 cognitionem
460 1433 496 1493 de
531 1431 648 1493 famosis
682 1434 785 1495 libellis

104 1518 198 1594 specie
232 1515 303 1597 legis
334 1521 392 1593 ejus
424 1517 585 1586 tractavit,
624 1534 785 1575 commotus

107 1597 205 1657 Cassii
221 1596 317 1657 Severi
331 1597 467 1667 libidine,
483 1595 539 1678 qul
559 1598 634 1655 vitos
651 1594 786 1657 feminas-

107 1700 164 1759 que
187 1675 313 1737 inlidltes
335 1679 498 1755 procacibus
520 1679 628 1759 scriptis
652 1674 786 1737 diffama-

84 1781 186 1820 sverat
212 1782 219 1815 :
243 1779 311 1817 mox
334 1758 481 1831 Tiberius,
504 1761 680 1820 consultante
701 1760 787 1819 Pom-

108 1843 174 1923 peio
187 1841 291 1900 Macro
309 1860 441 1921 ptaetote,
459 1864 495 1899 an
507 1842 617 1921 judicia
637 1842 787 1921 majestatis

108 1925 308 1983 redderentur?
327 1925 487 1981 exercendos
507 1923 577 2001 leges
594 1944 652 1981 esse
671 1940 787 1999 respon-

109 2004 162 2064 dit.
189 2003 276 2063 Hunc
307 2024 420 2083 quoque
451 2022 611 2082 asperavere
638 2002 786 2072 carmina,

109 2087 223 2145 incertis
251 2085 411 2144 sudoribus
431 2084 569 2163 vulgata,
597 2083 627 2157 in
651 2082 787 2141 saevitiam

110 2167 326 2247 superbiamque
356 2170 441 2245 ejus,
475 2172 502 2223 &
532 2161 689 2223 discordem
723 2184 788 2223 cum

110 2268 202 2309 matre
228 2249 367 2306 animum.

150 2328 290 2389 LXXIII.
307 2327 395 2389 Haud
410 2330 439 2408 pi
460 2326 519 2386 ebit
538 2324 638 2385 referre
661 2326 691 2385 in
709 2326 789 2385 Fala-

110 2414 180 2483 nio,
196 2420 224 2471 &
240 2410 366 2481 Rubrio,
384 2348 505 2468 modicis
524 2406 664 2488 equitibus
678 2406 790 2465 Roma-

110 2497 177 2565 nis,
199 2511 362 2572 praetentata
383 2492 520 2558 crimina,
543 2509 592 2559 ut,
612 2488 713 2568 quibus
733 2488 791 2545 ini*

109 2578 182 2645 tiis,
207 2593 314 2654 quanta
343 2571 454 2631 Tiberii
481 2590 565 2641 arte,
592 2569 790 2651 gravissimum

111 2658 232 2721 exitium
262 2654 425 2733 irrepserit,
455 2651 520 2710 dein
550 2669 702 2729 repressum
723 2648 758 2705 sit
781 2693 790 2718 ,

110 2732 255 2823 postremi>
279 2736 398 2807 arserit,
425 2736 578 2816 cuneisque
607 2729 792 2811 corripuerit,
