2075 3659
223 284 294 368 256
347 277 383 346 C.
410 277 558 346 Cossu.
590 277 778 346 TAchr

223 400 422 458 insectarentur
447 395 593 458 Neronem
607 445 619 468 ‚
645 399 805 478 proximum
834 404 911 458 suc-3

225 481 364 551 cessioni,
384 489 412 539 &
428 499 603 560 quamquam
624 477 749 538 modesti
766 479 912 558 juventi,

225 562 388 641 pierumque
414 579 511 620 tamen
540 559 608 641 quid
636 561 665 619 in
691 563 912 640 presentiarum

225 642 392 702 conduceret
420 642 565 712 oblitum5
593 640 661 700 dum
694 663 710 700 a
734 641 849 700 [ibertis
883 651 912 702 &

226 723 395 793 clientibus,
416 722 570 803 apiscendae
594 724 724 800 potentiae
744 725 913 802 properis,

226 802 434 874 exstimulatur,
451 823 482 862 ut
497 810 609 864 erectum
625 801 651 862 b
658 805 790 881 fidentem
808 805 913 863 animi

226 887 369 966 ostenderet
390 910 401 943 .·
421 887 492 946 velle
515 888 549 946 id
562 886 692 959 populum
710 883 875 944 Romanum
898 910 911 945 :

227 988 318 1039 cupere
346 968 479 1026 exercitus
505 992 515 1026 .·
542 987 624 1042 neque
651 987 778 1024 ausurum
805 966 914 1026 eontrd

174 1098 177 1103 .
226 1043 357 1126 Sejanum
365 1093 379 1118 ,
391 1049 439 1124 q'ui
450 1070 519 1108 nunc
528 1047 696 1122 patientiam
705 1048 783 1108 senis
792 1092 804 1118 ‚
816 1045 847 1108 δ’
862 1071 911 1108 se·

223 1128 466 1208 gaiziamjuomis
472 1127 560 1208 juxtd
579 1128 701 1188 insultet.

267 1208 337 1267 LX.
362 1208 430 1268 Haee
454 1228 537 1291 atque
560 1207 627 1268 talia
652 1207 777 1269 audienti
793 1257 805 1280 ,
826 1208 912 1274 nihil

228 1289 344 1370 quidem
359 1311 449 1371 pravae
472 1290 673 1374 cogitationis,
697 1291 744 1350 sed
759 1292 911 1358 interdum

227 1390 311 1434 voces
337 1370 524 1451 procedebant
556 1392 733 1444 contumaces
750 1419 762 1443 ,
800 1381 827 1433 δι
859 1375 917 1440 in-⁴

230 1454 380 1526 consultae3
401 1476 470 1534 quas
485 1453 607 1534 adpositi
628 1452 752 1514 custodes
773 1473 909 1534 exceptas

168 1580 174 1584 .
228 1537 378 1615 auctasque
418 1557 485 1595 uum
508 1535 664 1606 deferrent,
686 1556 775 1617 neque
789 1535 911 1596 Neroni

222 1611 377 1691 ¹defendere
397 1557 528 1688 duretur,
552 1615 663 1678 diversae
688 1618 798 1696 insuper
822 1619 908 1678 solli-

229 1696 385 1759 citudinum
412 1695 510 1759 formae
530 1697 691 1773 oriebantur
709 1721 716 1754 :
736 1719 805 1758 nam
831 1699 918 1766 alius,

228 1797 373 1837 occursum
391 1783 448 1858 ejus
466 1783 554 1840 vitate
576 1779 716 1862 :quidam
734 1779 909 1842 salutatione

229 1857 337 1918 redditis
356 1858 451 1920 statim
471 1865 559 1921 averti
581 1887 587 1919 :
612 1861 737 1942 plerique
759 1863 907 1942 inceptum

228 1959 386 2001 sermonem
408 1943 571 2023 abnunpere
583 1966 594 2014 3
619 1940 805 2002 insistentibus
828 1965 906 2004 con-

229 2038 272 2082 tra
292 2023 551 2105 inridentibusque,
574 2025 623 2105 qui
647 2025 751 2104 Sejano
780 2023 909 2086 fautores

229 2103 354 2164 aderant.
379 2105 691 2179 EnimverolTiberius
712 2125 827 2176 torvus,
853 2126 909 2168 aut

230 2179 333 2262 falstim
363 2187 491 2247 renidens
519 2189 619 2258 vultu3
646 2209 697 2247 seu
723 2187 909 2269 loqueretur,

230 2286 279 2325 seu
305 2287 406 2326 taceret
429 2272 555 2346 juvenis,
583 2271 688 2330 crimen
710 2289 743 2328 ex
770 2269 906 2340 silentio,

230 2368 265 2406 ex
283 2367 353 2405 voce
377 2371 383 2403 :
406 2370 441 2407 ne
465 2371 524 2408 nox
543 2350 659 2431 quidem
683 2369 798 2420 secura,
813 2369 907 2430 quum

230 2449 301 2489 uxor
319 2429 451 2511 vigilias,
467 2452 598 2502 somnos,
615 2432 730 2512 suspiria
746 2433 830 2490 matri
851 2431 907 2488 Li-

230 2512 306 2580 viae,
326 2530 410 2592 atque
437 2512 485 2573 iila
511 2514 615 2591 Sejano
638 2509 804 2592 patefaceret
826 2535 832 2568 :
854 2513 908 2591 qui

231 2592 345 2652 fratrent
364 2614 478 2673 quoque
494 2594 617 2654 Neronis
631 2593 754 2654 Drusum
775 2593 858 2650 traxit
872 2593 906 2651 in

232 2694 340 2754 portes,
357 2695 405 2754 spe
422 2674 534 2754 objecta
551 2677 681 2754 principis
694 2675 767 2743 ioci,
788 2675 812 2732 si
831 2673 906 2752 prio-

232 2775 292 2816 rem
311 2776 390 2820 aetate
412 2765 439 2819 &
458 2761 518 2840 jam
537 2755 708 2828 labefactum
726 2752 906 2818 dempsisset.
