2075 3659
235 326 301 373 112
355 305 393 377 C.
423 305 571 374 conat.
604 305 785 373 TAcm
847 352 851 359 .

232 424 358 505 placuit,
381 423 431 503 qui
449 424 593 504 praesentia
613 426 768 501 spedaret,
790 422 912 483 refove-

232 522 329 587 tetque
344 528 350 561 :
363 503 484 564 deledtus
501 502 541 563 est
556 505 600 563 M.
615 504 714 564 Aletus
729 526 744 563 e
758 509 909 585 praetoriis,

163 630 166 634 -
232 608 268 647 ne
288 585 426 645 consulari
449 586 597 645 obtinente
618 585 737 656 Asiam,
763 589 911 647 aemulatio

231 669 422 749 interpam,
442 676 469 727 δι
489 687 524 725 ex
541 688 575 725 eo
597 666 835 747 impedimentum
855 670 913 727 oti⁴

231 769 314 809 retur.
894 786 897 791 ·

270 830 408 891 XLVIII.
427 826 617 912 Magnificam
635 831 665 887 in
683 829 828 908 pubiicum
848 831 909 889 lar-

255 913 373 973 'tionem
397 914 474 972 auxit
496 911 591 972 Caesar
615 908 690 969 haud
710 909 803 970 mimis
827 911 911 994 gratia

233 931 420 1063 decantate,
441 990 519 1073 quod
531 992 608 1051 bona
623 990 750 1052 AEmitiae
763 992 855 1052 Musae
866 994 911 1051 lo-

233 1074 349 1153 cupletis
363 1072 498 1133 intestatae
510 1075 598 1151 petita
608 1075 636 1132 in
650 1068 767 1142 fiscum,
782 1072 910 1133 AEmilio

219 1154 358 1233 Lepido,
379 1160 487 1233 cujuse
512 1154 600 1212 domo
617 1153 766 1213 videbatur
777 1176 787 1223 ;
809 1163 836 1214 &
858 1156 911 1215 Pa-

233 1236 302 1295 tulei
325 1235 420 1296 divitis
443 1238 545 1316 equitis
571 1236 696 1295 Romani
721 1232 910 1296 hereditatem

234 1322 246 1386 (
259 1338 433 1397 quamquam
446 1319 503 1397 ipse
517 1314 594 1375 heres
610 1318 640 1375 in
656 1334 732 1395 parte
743 1316 883 1397 legeretur
896 1324 909 1392 )

234 1398 350 1458 tradidit
368 1399 413 1457 M.
434 1398 572 1468 Servilio,
593 1418 678 1477 quern
696 1398 909 1477 prioribusne-

234 1500 288 1559 que
302 1482 432 1559 suspedtis
446 1480 550 1539 tabulis
565 1480 700 1558 scriptum
717 1499 911 1559 compereram

233 1560 405 1619 nobilitatem
412 1562 549 1637 utriusque
553 1560 670 1635 pecunid
674 1562 830 1639 juvandam
841 1582 911 1639 prae-

232 1638 315 1700 fatue.
330 1642 432 1721 Neque
443 1639 627 1701 hereditatem
642 1645 806 1722 cujusquam
818 1642 911 1715 adiit,

232 1723 286 1779 nisi
307 1743 395 1802 quum
420 1720 548 1782 amicirid
567 1723 727 1792 meruisset3
745 1724 863 1805 ignotos
882 1734 911 1785 δε

232 1802 295 1861 aliis
326 1802 474 1874 infensos,
500 1801 591 1885 edque
619 1806 774 1883 principem
798 1827 910 1865 nuncu-

230 1903 349 1964 pantes,
370 1885 466 1964 procul
490 1885 612 1945 arcebat.
641 1883 777 1945 Ceterum
799 1904 833 1945 ut
858 1884 911 1945 ho-

232 1962 338 2023 nestam
353 1968 548 2027 innocentium
562 1985 754 2045 paupertatem
775 1967 885 2027 levavit
899 1992 909 2039 3

231 2047 273 2106 ita
292 2046 426 2130 prodigos
451 2056 478 2106 &
497 2048 540 2107 ob
561 2049 671 2129 flagitia
690 2066 802 2130 egentes
821 2049 909 2108 Vibi·
947 2058 958 2079 “

232 2126 311 2187 dium
349 2129 535 2199 Varronem,
566 2128 693 2188 Marium
730 2127 909 2207 Nepotem,

231 2210 356 2287 Appium
375 2209 561 2288 Appianum,
588 2206 756 2269 Cornelium
774 2210 908 2282 Sullam,

231 2289 270 2364 Q.
294 2289 446 2349 Vitellium
471 2291 564 2349 movit
587 2310 704 2361 senatu,
734 2310 783 2351 aut
806 2312 909 2371 sponte

231 2367 326 2427 cedere
347 2390 439 2448 passus
459 2368 505 2428 est.

270 2450 376 2510 XLIX.
400 2451 504 2510 lisdem
525 2453 698 2532 temporibus
726 2450 809 2513 defin
835 2454 909 2517 ardes

229 2530 365 2594 verietate
385 2553 434 2592 aut
452 2533 513 2615 igni
531 2534 673 2605 abolitas,
691 2554 851 2615 coeprasque
870 2537 907 2597 ab

230 2611 359 2695 Augusto
378 2660 391 2685 ,
415 2613 557 2675 dedicavit
573 2639 584 2685 ς
611 2616 715 2675 Libero
744 2617 909 2697 Liberaeque

231 2704 258 2755 δι
276 2695 374 2756 Ceteri
391 2701 470 2774 juxta
488 2695 606 2756 Circum
622 2700 800 2767 maximum,
817 2719 908 2778 quam

230 2778 266 2841 A.
287 2775 444 2839 Postumius
462 2775 582 2839 didator
597 2799 727 2853 voveram
749 2778 908 2861 eodemque
