2075 3659
203 271 453 346 Auuurruu
475 278 562 348 ω.
591 281 655 350 VI.
712 308 786 378 303,

89 398 300 458 meminerant.
314 397 449 458 Extremo
462 401 530 458 anni
543 420 618 460 mors
627 399 702 460 AElii
716 403 780 464 La-

87 479 167 538 miae
190 477 286 538 funere
316 481 443 538 censorio
466 479 628 551 celebrata,
654 483 704 562 qui
727 483 783 544 ad·

87 557 290 620 ministranda:
313 559 401 640 Syriae
419 561 546 643 imagine
568 561 682 622 tandem
702 585 779 625 exso·

86 641 193 712 lutus,
209 641 273 699 urbi
290 639 436 719 prefuerat
450 665 458 700 ι
471 663 559 724 genus
572 643 613 704 illi
625 642 779 717 decorumr

88 721 198 782 vivida
220 724 367 792 aeneum
389 730 416 782 &
434 744 494 782 non
511 727 645 803 permissa
664 729 781 805 provin·

89 805 143 866 cia
162 801 361 884 dignationem
381 802 533 864 addiderat.
557 805 653 876 Exin,
675 807 783 868 Flacco
872 873 877 879 .

90 884 265 964 Pomponio
295 884 380 962 Syrie
413 904 578 964 propraetore
609 885 743 948 defuncto
766 933 778 962 ,

89 967 251 1024 recitantur
274 963 392 1024 Caesaris
409 965 525 1037 litterae,
550 969 612 1048 quis
632 969 782 1032 incusabat

92 1047 235 1126 egregium
251 1067 396 1124 quumque,
421 1043 447 1106 ἃ
467 1049 593 1126 regendis
612 1050 781 1113 exercitibus

91 1128 249 1197 idoneum,
270 1127 382 1186 abnuere
396 1128 429 1186 id
440 1151 537 1188 nuituis
556 1153 566 1187 .·
583 1151 661 1208 seque
681 1153 713 1190 ea
732 1155 778 1192 ue-

93 1209 264 1270 testitudine
279 1211 317 1267 ud
319 1231 411 1283 preces
423 1213 560 1287 cogi,per
569 1233 635 1287 quas
647 1213 780 1280 cousulu-

92 1292 171 1349 rium
180 1290 268 1366 aliqui
274 1312 410 1364 capessere
416 1291 578 1364 puoviucias
586 1293 781 1370 adigerenture

92 1372 205 1432 oblitus
221 1371 405 1440 Arruntium,
426 1391 462 1428 ne
478 1372 508 1430 in
529 1369 701 1449 Hispaniam
713 1393 781 1450 per*

94 1471 198 1537 geret,
211 1451 353 1511 decimum
362 1456 421 1528 jam
433 1471 540 1510 annum
555 1453 673 1512 attineri.
691 1452 782 1516 Obiit

96 1534 205 1596 eodem
216 1555 291 1594 anno
301 1541 330 1592 &
346 1532 392 1592 M.
408 1532 550 1612 Lepidus,
569 1532 604 1592 de
622 1537 698 1614 cujus
717 1555 780 1594 mo·

95 1615 268 1684 dotatione,
299 1632 387 1694 atque
418 1615 554 1693 sapientia
581 1615 611 1674 in
641 1615 782 1692 prioribus

93 1697 177 1757 libris
194 1698 260 1756 satis
278 1695 443 1754 conlocaui:
457 1715 547 1776 neque
559 1695 692 1757 nobilitas
707 1695 780 1756 din.

92 1780 151 1838 tius
173 1774 387 1836 demonstranda
407 1773 446 1835 est
468 1800 475 1833 ε
497 1778 599 1858 quippe
621 1776 779 1845 AE'milium

96 1881 188 1942 genus
208 1857 359 1920 fecundum
377 1857 520 1919 bonorum
535 1859 661 1928 civium,
678 1868 706 1920 du
747 1862 779 1920 ui

95 1940 200 2002 cuidem
218 1938 332 2002 familia
351 1941 485 2017 corruptis
501 1939 650 2010 moribus,
669 1939 712 1998 inl
766 1939 781 2000 ‘u

94 2040 194 2083 tamen
212 2017 327 2080 fortunia
348 2039 436 2099 egere.

138 2101 283 2164 XXVIII.
314 2098 413 2158 Paullo
445 2097 560 2168 Fabio,
590 2099 623 2158 L.
654 2098 781 2162 Vitellio

96 2206 169 2245 ross.
200 2180 262 2261 post
285 2180 405 2261 longum
429 2178 586 2238 seculorum
613 2179 780 2252 ambitum,

96 2268 159 2328 avis
174 2261 291 2345 phoenix
305 2262 336 2320 in
354 2259 515 2340 AEgyptum
532 2261 630 2332 venit,
647 2261 781 2341 praebuit⁶

96 2368 153 2430 que
186 2344 331 2404 materiem
359 2341 527 2402 doctissimis
553 2341 778 2426 indigenarum,

98 2437 127 2490 δι
157 2427 342 2496 Graecottnn,
367 2424 455 2487 multa
477 2443 613 2502 supereo
636 2425 779 2484 miraculo
880 2473 885 2480 .

98 2508 250 2570 disserendi
267 2531 273 2564 ε
295 2505 331 2574 de
348 2505 448 2584 quibus
460 2523 636 2586 congruunt,
652 2513 679 2564 δι
695 2505 777 2584 plura

100 2589 255 2671 ambigua,
272 2585 320 2648 sed
339 2587 456 2668 cognitu
476 2606 535 2644 non
552 2583 689 2654 absurda,
708 2605 780 2663 proq

101 2693 176 2734 mete
193 2671 271 2730 libet.
291 2669 408 2729 Sacrum
426 2664 485 2724 Soli
503 2664 534 2727 id
545 2665 671 2735 animal,
687 2673 713 2724 &
725 2685 778 2724 ore

102 2776 137 2818 ac
165 2749 296 2814 duntur
325 2749 474 2833 pinnatum
502 2769 532 2828 a,
554 2747 648 2808 ceteris
675 2747 780 2812 atuor.-
