2075 3659
249 330 307 386 392
389 310 446 369 In
476 310 680 369 er'nuar
709 308 783 370 IV.

245 415 321 504 opnia
340 414 366 467 in
383 415 495 467 Africam
504 412 572 467 milia
583 414 666 469 suerat
678 418 712 469 ob
732 418 834 468 bellum
850 414 933 477 Tacta-1
1016 468 1017 487 p

247 503 406 629 ῐιῃῖῗιςίπὶιίο
421 562 452 613 ab
467 563 560 631 Syria,
578 563 595 613 i.
618 579 642 613 e.
658 565 689 614 ab
709 564 787 625 initio
812 566 902 633 Syrie.

283 655 309 703 5.
321 639 386 688 lttis.
395 637 549 707 legionibus
559 654 612 705 quae
623 637 648 687 in
657 637 754 688 Moesia
764 638 791 688 δι
801 637 935 693 Pannonia

281 718 304 763 6.
320 712 397 765 Sociae
411 715 524 764 crimes.
544 713 582 763 Ut
602 713 688 764 classis
706 714 732 762 in
754 712 895 778 Danubio,
909 714 933 764 iu

240 782 343 849 Ponto,
362 788 387 836 in
405 786 495 836 Rheno
517 786 569 837 &m

279 878 307 921 7.
323 860 405 928 Neque
423 859 580 924 musrd'secnr
597 861 624 908 in
639 862 672 908 iis
683 860 792 917 virium.
810 860 896 927 Quam
910 861 933 917 in

242 935 364 987 classibus
382 935 408 985 δι
427 934 566 1001 legionibus
581 931 711 985 Romanis.

278 1008 325 1062 Vl.
346 1022 370 1058 1.
391 1007 506 1081 Quando.
523 1002 750 1073 Quandoquidem,
769 1008 792 1058 ei
811 1008 920 1074 quidem.

279 1097 306 1133 ι.
324 1081 436 1143 inlustres
451 1082 519 1130 domi
536 1097 607 1133 artes.
626 1081 696 1147 Quae
711 1081 775 1130 alibi
794 1084 882 1131 civilia
886 1083 933 1144 stu·

237 1153 281 1205 'dia
288 1167 364 1206 vocat
372 1173 379 1205 t
388 1158 448 1221 puri
457 1155 624 1223 eloquentiam
632 1192 640 1216 ,
648 1154 879 1221 jurisprudentiam
889 1158 934 1207 dtc.

245 1264 249 1272 .
280 1243 304 1294 3.
323 1228 458 1279 Frumento.
479 1230 501 1280 A
518 1228 663 1297 quibusdam
680 1229 828 1295 provinciis
850 1230 932 1280 tributi

240 1305 342 1355 nomine
356 1304 488 1371 quotannis
507 1304 582 1369 pendi
598 1302 681 1367 solita,
697 1320 753 1371 quae
772 1320 879 1355 annona
892 1320 932 1355 vo·

240 1381 332 1428 cabulo
355 1376 457 1445 proprie
480 1378 623 1427 censentur.

278 1452 305 1513 4.
323 1451 493 1521 Agitabanmr.
508 1450 689 1502 Tradlabantur
701 1464 708 1501 t
720 1451 854 1517 publicani
870 1451 931 1503 enin

237 1524 284 1576 seu
300 1529 473 1593 redemptores
489 1524 648 1594 vesligalium
667 1544 698 1578 ex
719 1525 831 1594 equestri
846 1528 930 1578 ordine

238 1613 320 1650 erant.

275 1674 335 1726 Vll.
354 1691 376 1727 r.
388 1674 505 1738 Modesta.
518 1676 588 1725 lntra
597 1671 739 1725 modestiam
755 1673 782 1724 se
793 1676 930 1725 continen-

238 1749 274 1798 tia
283 1765 347 1811 ,non
356 1748 461 1815 superba
469 1750 494 1800 ὃ(
504 1750 659 1818 arrogantia,
669 1762 696 1799 ut
704 1749 858 1816 plerumque
868 1749 928 1799 serti

235 1823 383 1889 principum.

277 1912 302 1948 2.
317 1898 383 1945 Cerni
394 1896 493 1966 effigiem
503 1895 554 1963 ep'us
563 1900 587 1946 in
595 1900 768 1957 monumentis,
785 1896 813 1947 in
823 1899 923 1949 theatro

142 2016 146 2022 .
236 1970 281 2023 Cn.
300 1967 418 2037 Pompeii.
441 1971 508 2022 Vide
528 1973 594 2023 Ann.
614 1980 648 2036 3‚'
665 1990 711 2035 7²·

223 2070 226 2077 ·
275 2058 302 2110 3.
323 2050 462 2096 Communes
477 2081 521 2096 .....
538 2060 632 2113 nepotes
651 2045 728 2113 Quod
746 2044 802 2096 stlio
824 2044 921 2097 Claudii

235 2119 307 2171 socer
330 2119 434 2182 Sejanus
454 2119 634 2183 destinaretur,
652 2123 715 2171 dnn.
735 2136 766 2188 3,
790 2138 836 2187 ²9·

275 2209 302 2255 4.
318 2191 465 2243 Precandam
476 2230 485 2247 .
545 2194 688 2253 modestiam.
702 2196 802 2259 Nempe
812 2195 920 2259 Seiano,

234 2264 277 2333 qui
289 2267 320 2318 εὸ
330 2280 460 2330 creverat,
473 2279 500 2317 ut
515 2271 645 2331 coerceri,
659 2279 732 2335 atque
745 2268 811 2318 adeo
823 2268 918 2318 modes·

232 2340 268 2389 tia
278 2342 301 2391 el
310 2340 426 2405 imperari
436 2360 486 2391 non
493 2342 562 2407 palie
571 2343 633 2391 vide<
641 2354 706 2394 etur.
716 2344 751 2391 lta
762 2342 911 2396 Gronovius.

233 2413 276 2481 qui
291 2426 377 2464 contra
394 2415 502 2480 Lipsium
522 2416 651 2467 contendit
669 2417 721 2465 haec
741 2418 819 2465 verba
833 2414 912 2465 Taciti

231 2504 284 2540 mon
296 2487 345 2538 else
353 2489 513 2557 intelligenda
523 2492 554 2539 de
563 2490 691 2541 Modestiae
701 2490 803 2539 numine
813 2491 914 2540 :nullam

177 2572 179 2578 '
231 2563 385 2615 enimtalem
395 2563 426 2612 de
435 2582 464 2613 tm
476 2566 539 2630 apud
552 2564 677 2615 Romanos
687 2567 788 2615 cultam.

270 2638 342 2689 Vlll.
359 2655 380 2689 ι.
393 2637 453 2687 Sede
464 2640 566 2707 vulgari.
575 2639 602 2689 ln
612 2638 782 2690 communibus
795 2637 914 2689 subselliis

234 2710 392 2767 senatorum,
412 2728 460 2761 non
477 2714 501 2761 in
520 2712 581 2762 sella
597 2713 685 2765 curuli.

271 2801 297 2836 2.
313 2783 379 2834 Vic‘lo
389 2790 482 2853 gemitu.
502 2786 642 2852 Suo-ipsius
659 2787 751 2853 gemitu
767 2785 913 2851 compresso.

272 2871 299 2923 3.
316 2859 339 2909 E
357 2860 479 2929 complexu
494 2860 635 2930 reipublicae.
647 2861 667 2913 E
678 2878 737 2913 cura
748 2873 824 2930 atque
836 2859 914 2923 admi·
