2075 3659
276 323 346 389 162'
397 320 433 389 C.
463 320 621 387 corn„
640 313 829 384 Tactrr

273 440 400 500 exsilium
415 437 469 499 sibi
482 431 665 496 demonlbari
686 434 825 495 intellexit
846 456 854 492 ε
871 456 928 495 nec
937 448 951 509 ,’

272 524 326 581 nisi
348 520 466 579 Tiberio
486 519 687 597 imperitante,
710 515 852 595 deprecari
870 538 951 578 sena*

273 622 334 663 tum
361 622 394 659 ac
416 600 571 699 principem
593 618 674 657 ausus
700 594 762 669 est,
787 598 833 657 M.
860 598 951 658 Silani

272 681 366 743 fratris
389 682 539 761 potentia,
560 681 610 760 qui
628 699 675 758 per
691 678 832 760 insignem
844 681 951 739 nobili·

273 783 362 823 tatem
375 762 606 842 &eloquentiam
625 759 806 839 praecellebat.
821 760 878 820 Sed
892 760 951 819 Ti-

273 844 365 905 berius
388 862 479 927 grates
505 843 602 923 agenti
615 840 730 912 Silano,
753 842 880 921 patribus
902 863 951 901 co-

231 978 233 983 .
273 945 335 985 tam
348 970 360 993 ‚
380 921 524 1018 respondit
539 967 550 991 ‚
568 944 599 981 st
620 943 718 999 quoque
740 923 832 981 laturi
843 969 855 994 ,
881 924 953 1001 qadd
1019 941 1020 952 ¹

265 1006 360 1084 frater
383 1028 441 1085 qus
454 1028 475 1064 c
493 1003 711 1081 peregrinatione
731 1003 882 1081 longinqua
904 1028 951 1063 rt·

272 1087 403 1147 vertisset
422 1108 432 1144 .·
453 1086 533 1162 idque
544 1086 610 1164 jure
630 1084 754 1153 licitum,
768 1086 834 1161 quia
848 1108 952 1145 nonst-

273 1168 511 1235 uatusconsulto,
546 1187 600 1222 non
629 1166 686 1242 lege
711 1166 811 1238 pulsus
835 1167 914 1242 foret
941 1191 952 1224 .·

274 1247 331 1305 sibi
351 1245 441 1305 tamen
462 1249 593 1305 adversus
610 1267 669 1304 eum
687 1245 808 1325 integras
825 1248 951 1319 parentis

273 1330 321 1387 sui
341 1329 503 1405 offensiones
523 1352 533 1385 .·
551 1348 632 1404 neque
649 1327 735 1385 reditu
748 1326 866 1398 Silani,
886 1329 949 1387 dis-

204 1405 207 1410 ’
272 1412 382 1479 uoluta,
392 1430 448 1487 qua
456 1407 592 1487 Augustus
603 1408 745 1466 voluisset.
760 1409 827 1467 Fuit
837 1406 953 1486 posthac

274 1491 305 1549 in
327 1491 413 1561 urbe,
440 1510 529 1569 neque
549 1485 670 1547 bonores
687 1487 803 1567 adeptus
822 1487 870 1548 est.

315 1572 413 1630 XXV.
433 1570 566 1629 Relatum
590 1567 690 1627 deinde
717 1567 753 1627 de
778 1570 952 1632 moderanda

275 1650 362 1727 Papia
389 1652 529 1731 Poppaea,
557 1669 644 1730 quam
666 1652 761 1709 senior.
783 1650 949 1734 Augustus,

275 1730 338 1811 post
356 1731 443 1795 Julius
460 1733 638 1814 rogationes,
653 1730 803 1800 incitandis
818 1734 951 1793 coelibum

275 1814 384 1892 poenis,
408 1810 589 1895 &augendo
606 1814 702 1871 aratio
721 1834 850 1874 sanxerat
873 1839 881 1873 ε
903 1835 951 1875 nec

274 1892 341 1952 ideo
359 1894 535 1977 conjugia&
553 1893 732 1954 educationes
750 1894 871 1955 liberitm
894 1895 951 1955 fte-

275 1976 507 2059 quentabantut,
528 1976 674 2056 prevalida
702 1976 834 2039 orbitate.
859 1978 953 2039 Cete-

276 2056 337 2117 nlm
370 2056 523 2119 multitudo
550 2058 768 2137 periclitantium
790 2059 951 2153 gliscebat,

277 2160 366 2221 quum
380 2144 473 2200 omnis
491 2138 592 2198 domus
613 2139 770 2200 delatorum
792 2161 954 2221 interpreta-

278 2222 404 2281 tionibus
431 2221 652 2280 subverterentur
678 2244 685 2277 ι
719 2242 805 2303 utque
832 2222 953 2283 antebac

276 2302 409 2383 flagitiis,
429 2304 469 2361 ita
493 2322 559 2361 tunc
579 2302 687 2384 legibus
705 2302 897 2365 laborabatur.
912 2305 953 2365 Ea

276 2401 320 2441 tes
326 2382 462 2443 admonet
472 2400 504 2441 ut
515 2381 551 2439 de
560 2384 701 2462 principiis
712 2386 794 2462 juris,
808 2395 836 2445 δι
848 2387 954 2466 quibus

277 2463 371 2523 modis
388 2462 424 2523 ad
442 2461 515 2523 hanc
532 2464 741 2525 multitudinem
757 2464 901 2526 infinitam
923 2488 954 2526 ac

276 2547 443 2607 varietatem
455 2546 553 2633 legum
564 2566 728 2627 perventum
739 2549 793 2620 sit,
809 2545 892 2609 altids
903 2549 955 2609 dis·

277 2648 375 2687 seram.

319 2709 429 2769 XXVI.
449 2708 638 2769 Vetustissimi
659 2711 823 2771 mortalium
837 2757 850 2780 ,
878 2707 955 2769 nulli

279 2786 371 2851 adhuc
383 2789 460 2852 malle
471 2790 606 2864 libidine,
627 2793 686 2853 siue
699 2792 951 2873 probro„scelere,
