2075 3659
733 84 754 133 ὁ

189 302 438 378 AuuArrurr
461 310 548 377 Ira.
572 304 623 379 II.
678 328 740 401 ¹25

66 426 237 491 Caesarum:
259 430 364 490 laetiore
389 428 533 500 Tiberio,
556 431 622 511 quia
645 450 744 509 pacem

66 509 205 591 sapientiai
223 509 408 581 firmaverat,
427 508 514 592 quam
532 513 555 569 si
573 512 679 570 bellum
697 526 745 591 per

65 594 139 652 acies
156 591 330 652 confecisset.
350 592 441 675 Igitur
457 590 652 673 Rhescuporin
670 614 745 733 gro-

703 696 746 732 m·

67 695 120 753 que
138 671 271 733 Thraciae
288 694 384 757 regem
403 671 463 765 astu
482 674 651 758 adgreditur.

65 776 131 813 nem
153 776 219 814 eam
241 757 388 815 nationem
410 752 619 815 Rhoemetalces
646 776 747 815 tenue-

66 856 109 896 rat
121 860 128 893 :
138 859 198 917 quo
210 835 361 907 defuneto,
375 834 516 919 Augusttu
530 856 637 918 partem
648 833 746 897 Thn-

32 960 40 975 .
67 939 130 975 cum
144 916 351 997 Rhescuporidi
371 917 450 978 fratri
466 924 541 995 ejus,
557 938 665 998 partem
682 916 744 977 filio

68 998 161 1079 Cotyi
190 1001 324 1079 permisit.
346 999 379 1058 In
407 1020 440 1058 ea
464 999 603 1059 divisione
629 1022 695 1061 arva
716 1011 744 1061 δι

70 1081 173 1150 urbes,
197 1082 293 1140 vicina
311 1080 434 1152 Graecis,
459 1080 572 1163 Cotyi3
592 1081 670 1163 quod
693 1084 743 1142 in-

70 1162 194 1231 cultum,
215 1162 313 1232 ferox,
332 1162 472 1221 adnexum
491 1160 616 1223 hostibus
635 1211 646 1233 ,
669 1162 746 1223 Rhe·

70 1243 210 1324 scuporidi
228 1245 331 1303 cessit:
353 1247 531 1325 ipsorumque
550 1266 649 1327 regum
663 1247 746 1329 inge-

70 1326 135 1394 nia,
164 1326 209 1384 illi
233 1326 351 1385 mite&
369 1346 532 1395 amoenum,
556 1324 622 1384 huic
643 1347 746 1399 atrox,

70 1406 205 1476 avidum,
226 1416 254 1468 δι
273 1408 414 1467 societatis
430 1408 581 1487 impatiens
603 1428 669 1467 erat.
689 1407 747 1468 Sed

70 1484 161 1568 primd
172 1487 293 1547 subdola
304 1486 455 1547 concordii
469 1508 549 1571 egere
565 1512 572 1545 ι
585 1508 653 1546 mox
666 1486 747 1547 Rhe-

68 1570 193 1649 scuporis
213 1569 309 1653 egredi
325 1567 415 1639 fines,
431 1588 537 1629 vertere
556 1571 587 1629 in
604 1589 632 1629 se
655 1568 748 1651 Cotyi

71 1649 158 1720 data,
185 1660 215 1711 &
235 1649 371 1712 resistenti
392 1653 453 1710 vim
473 1650 588 1722 facere3
611 1654 748 1711 cunctan-

72 1750 112 1791 ter
131 1732 183 1792 sub
206 1730 355 1816 Augusto,
372 1753 456 1814 quem
477 1736 621 1793 auctorem
643 1733 746 1794 utrius-

73 1834 124 1893 que
144 1816 249 1897 regni‚
271 1816 296 1873 si
314 1834 498 1895 spernerenu,
517 1814 660 1875 vindicem
679 1834 744 1873 me-

74 1895 167 1955 tuebat
187 1897 355 1955 :enimvero
375 1897 471 1956 audita
490 1898 649 1956 mutatione
669 1898 747 1976 prin-

74 1976 164 2055 cipis,
187 1978 343 2038 immittere
371 1979 513 2038 latronum
543 1976 667 2060 globos,
694 1996 746 2035 ex-

75 2058 198 2116 scindere
217 2057 351 2129 castella,
376 2081 472 2119 causas
490 2059 575 2117 bello.

112 2138 226 2199 LXV.
253 2138 338 2200 Nihil
360 2162 437 2221 aeque
459 2140 608 2197 Tiberium
632 2140 748 2199 anxium

76 2215 216 2292 habebat,
243 2218 328 2303 quim
355 2242 391 2280 ne
416 2223 573 2302 composita
598 2220 747 2281 turbaren-

76 2317 117 2359 tur
131 2326 137 2357 :
153 2302 256 2386 deligit
271 2305 462 2363 centurionem
479 2304 529 2383 qui
545 2304 687 2364 nuntiaret
699 2324 747 2362 re-

78 2382 175 2464 gibus,
199 2407 232 2443 ne
254 2386 340 2443 armis
361 2387 543 2460 disceptarent
566 2410 576 2444 .·
600 2382 751 2467 statimque
778 2396 781 2403 '

77 2484 93 2521 a
114 2464 212 2546 Cotye
240 2466 353 2526 dimissa
381 2488 468 2535 sunt,
493 2486 554 2546 quac
580 2486 749 2545 paraverat,

77 2547 187 2607 auxilia.
196 2545 384 2627 Rhescuporis
391 2547 456 2607 fieta
466 2545 618 2617 modestia,
630 2546 752 2628 postulat

30 2660 33 2665 ·
78 2631 195 2687 cumdem
208 2629 339 2689 inlocum
358 2630 489 2699 coiretur,
499 2650 585 2704 posse
600 2632 632 2686 de
650 2646 752 2686 contro·

79 2710 177 2767 versiis
193 2712 327 2788 colloquio
342 2711 462 2788 transigi
480 2730 556 2769 :nec
577 2707 625 2770 diu
642 2708 754 2768 dubita-

82 2806 138 2855 tum
160 2790 198 2851 de
217 2812 343 2875 tempore
354 2837 365 2865 ,
387 2792 467 2865 loco,
488 2792 555 2853 dein
578 2789 754 2856 conditioni·
777 2804 779 2812 ’

549 2872 571 2933 r
591 2873 622 2954 rj
