2075 3659
191 297 441 373 ANquruM
465 302 551 372 Lm.
577 304 646 373 IV.
701 327 770 396 227

91 421 160 485 rarb
174 424 204 482 in
220 423 287 483 urbe
299 425 373 493 visi,
388 444 478 504 quos,
490 420 673 485 Tacfarinate
683 446 773 500 caeso,

93 506 221 586 perculsa
239 526 322 587 gens,
340 513 367 565 δι
392 507 477 585 culpa:
498 508 608 575 nescia,
629 507 667 567 ad
685 509 771 568 satis-
811 520 817 529 ·

93 585 259 647 faciendum
277 587 382 667 populo
397 586 531 646 Romano
544 590 665 648 miserat.
689 589 775 673 Cog-

93 671 165 728 nitis
183 664 285 728 dehinc
307 667 453 728 Ptolemaei
471 688 518 747 per
540 668 571 729 id
590 669 697 729 bellum
716 668 774 730 stu·

93 750 152 809 diis
162 795 179 819 ,.
191 753 322 828 repetitus
337 770 370 809 ex
388 748 497 809 vetusto
512 771 598 820 mos,
619 744 775 833 missusque

93 851 111 888 e
142 831 334 900 senatoribus,
360 830 409 911 qui
432 832 586 911 scipionem
612 833 749 892 eburnum
760 878 772 905 ,

93 920 199 994 togam
221 914 343 992 pilium,
366 914 482 992 antiqua
501 932 612 993 patmm
632 934 772 984 munera,

95 992 197 1063 daret,
221 1014 356 1073 regemque
384 990 536 1053 &socium
556 1013 635 1072 atque
656 998 776 1055 amicum

90 1075 258 1155 appellaret.
278 1106 279 1109 ¹

137 1155 266 1216 XXVII.
278 1155 387 1215 Eadem
398 1156 490 1217 testate
502 1177 583 1218 mota
597 1178 647 1238 per
659 1158 775 1220 ltaliam

94 1238 205 1297 servilis
221 1238 288 1297 belli
306 1240 414 1298 semina
432 1238 489 1299 fors
506 1241 650 1320 oppressit.
666 1240 776 1300 Auelor

94 1320 235 1379 tumultus
256 1320 296 1379 T.
316 1320 478 1389 Curtisius,
501 1320 647 1419 tpuondam
669 1342 774 1401 prato·

93 1402 143 1459 riae
167 1399 291 1462 cohortis
315 1402 414 1471 miles,
438 1403 531 1481 primo
548 1402 668 1462 eoetibus
692 1403 775 1462 clan-

94 1480 230 1553 destinis,
252 1483 327 1563 apud
346 1482 526 1543 Brundisium
549 1491 577 1541 &
599 1484 777 1561 circumjesta

92 1563 232 1643 oppida;
256 1586 325 1623 mox
351 1565 448 1643 positis
477 1563 624 1648 propalam
652 1564 777 1635 libellis,

94 1644 133 1705 ad
150 1646 311 1706 libertatem
331 1645 454 1705 vocabat
466 1643 584 1728 agrestia
600 1666 649 1725 pet
665 1645 780 1729 longin-

92 1748 169 1809 quos
194 1729 279 1787 saltus
305 1736 333 1787 &
358 1726 463 1787 ferocia
491 1728 604 1789 servitia
629 1748 778 1809 Quum,

94 1810 175 1869 velut
200 1830 314 1869 munere
338 1807 422 1868 delum
435 1854 447 1878 ,
470 1828 524 1869 tres
544 1809 664 1868 biremes
686 1809 779 1890 adpu-

92 1890 153 1953 lere
175 1890 213 1949 'ad
236 1910 299 1951 usus
320 1893 545 1951 commeantium
565 1891 615 1949 illo
638 1893 717 1949 mari.
739 1892 780 1952 Et

92 1992 156 2031 erat
189 1972 290 2032 iisdem
327 1972 490 2057 regionibus
527 1966 658 2051 Curtius·
682 1972 781 2050 Lupus

70 2051 248 2129 Quaestor,
274 2055 319 2111 cui
346 2054 490 2133 provincia
520 2070 614 2110 vetere
641 2070 674 2110 ex
698 2072 780 2110 more

97 2134 185 2195 Cales
205 2154 344 2195 evenerat.
363 2134 406 2203 ls,
420 2130 556 2213 dispositi
574 2133 780 2193 classiariorum

97 2216 200 2295 eopia,
216 2214 394 2295 'coeptautem
418 2234 506 2295 quum
529 2214 654 2273 maxime
679 2220 782 2294 conju⁴

97 2300 243 2357 rationem
281 2296 398 2377 disjecit.
428 2297 590 2378 Missusque
620 2318 637 2356 a
669 2296 781 2358 Caesare

97 2380 216 2459 propere
231 2380 324 2439 Staius
338 2378 465 2445 tribunus
479 2399 545 2437 cum
559 2378 654 2439 talida
671 2400 779 2449 manu,

98 2460 202 2519 ducem
231 2462 321 2541 ipsum
345 2506 355 2531 ,
382 2469 409 2519 &
433 2462 578 2541 proximos
598 2459 722 2520 audaciae
751 2463 783 2521 iu

99 2542 200 2600 urbem
223 2544 328 2610 traxit,
352 2548 411 2620 jam
433 2541 594 2621 trepidam,
617 2542 658 2600 ob
682 2541 783 2600 multi⁴
828 2607 830 2610 ,

99 2622 230 2683 tudinem
242 2621 433 2691 familiarum,
445 2642 505 2703 quae
515 2622 653 2705 gliscebat
662 2624 784 2681 immen-

99 2726 181 2775 sum,
201 2708 311 2765 minore
330 2703 435 2764 indies
456 2704 537 2783 plebe
557 2704 715 2785 ingenua..

138 2786 280 2850 XXVIII.
291 2788 395 2849 lisdem
407 2786 795 2927 consulibus,Kmiseriarum

634 2888 663 2949 Vl
