2075 3659
191 313 447 384 Anuacrvu
472 316 557 386 Lm.
576 318 637 386 11.
733 344 772 409 9¹

93 433 139 491 vel
168 453 218 513 per
248 436 359 495 occulta
386 436 461 496 vada
490 435 607 497 infestas
636 460 643 495 t
676 442 778 523 quilius

91 515 221 594 paullum
235 538 365 599 aegreque
380 520 496 590 vitatis,
516 517 665 601 postquam
685 544 779 584 muta-

91 596 144 656 bat
159 595 256 668 aestus,
278 596 438 680 eodemque
456 598 515 681 qud
534 622 633 661 ventus
651 600 777 675 ferebat3

89 700 151 736 non
170 676 310 738 adhzrere
325 679 480 750 anchoris,
495 704 553 741 non
567 681 711 743 exhaurire
727 688 777 745 in-

89 762 246 839 rumpentis
260 761 349 821 undas
365 783 516 842 poterant:
531 766 613 845 equi,
630 770 778 842 jumenta,

90 844 228 911 sarcinae,
250 844 336 903 etiam
362 864 441 903 arma
466 847 693 926 praecipitantur,
720 844 778 929 qud

88 922 252 983 levarentur
271 926 367 996 alvei,
389 946 536 987 manantes
556 948 604 1008 per
626 928 778 1001 latera,'&

88 1006 180 1063 {ludin
202 1026 406 1089 superurgente.

134 1085 249 1147 XXIV.
275 1086 394 1165 Quanto
416 1090 571 1150 violentior
590 1110 683 1150 cetero
706 1094 778 1151 mari

93 1167 244 1239 Oceanus,
267 1178 294 1228 δι
310 1168 477 1229 truculenti&
497 1171 561 1229 coeli
585 1170 692 1251 praeibit
708 1174 779 1235 Ger-

92 1252 207 1321 mania,
223 1270 334 1310 tantum
350 1251 397 1311 illa
414 1252 506 1311 clades
518 1256 644 1313 novitate
657 1263 683 1313 δι
698 1276 779 1333 mag-

93 1332 224 1392 nitudine
249 1334 389 1405 excessit,
422 1331 570 1393 hostilibus
594 1334 700 1393 circtim
729 1332 778 1396 lit-

93 1415 224 1485 toribus,
246 1436 295 1475 aut
319 1416 359 1474 ita
389 1413 468 1475 vasto
496 1425 522 1475 &
553 1416 716 1495 profundo,
746 1438 778 1478 ut

92 1495 224 1571 credanu
237 1498 442 1565 novissimum,
456 1518 488 1555 ac
501 1498 560 1556 sine
574 1498 666 1567 terris,
682 1518 777 1557 mare:

91 1598 156 1657 pars
173 1578 290 1636 navium
306 1576 407 1637 hausta:
427 1598 510 1649 sunt3
531 1578 621 1657 plures
639 1578 713 1659 apud
733 1581 779 1639 in-

93 1659 166 1718 sulas
183 1657 296 1739 longiis
315 1662 382 1719 sitas
402 1662 517 1739 ejetlae:
542 1661 677 1743 milesque
698 1662 778 1720 nullo

92 1740 153 1801 illic
164 1738 318 1802 hommum
333 1742 424 1812 culm,
435 1738 512 1801 fame
527 1742 711 1819 absumptus,
724 1744 780 1803 nisi

93 1842 166 1903 quos
190 1842 310 1901 corpora
329 1842 464 1901 equorum
488 1819 590 1880 eodem
613 1824 679 1883 elisa
704 1824 779 1885 tole·

93 1904 249 1963 raveran't:
271 1904 331 1963 sola
347 1904 512 1964 Germanici
533 1905 652 1964 triremis
671 1902 777 1965 Chau-

95 2006 195 2044 corum
215 2004 319 2045 tertam
341 1985 469 2065 adpulit,
495 2005 582 2067 quem
606 2004 655 2065 per
679 2006 780 2048 omnes

95 2068 161 2128 illos
182 2066 242 2126 dies
257 2070 410 2148 noctesque
425 2066 499 2146 apud
518 2066 689 2145 scopulos&
709 2089 777 2149 pro-

98 2151 234 2208 minentis
251 2170 335 2217 otas,
358 2169 447 2229 quum
463 2171 494 2206 se
512 2150 587 2205 tanti
603 2149 687 2206 exitii
706 2170 779 2208 reum

98 2232 275 2301 clamitaret,
293 2232 341 2289 vix
363 2227 513 2288 cohibuere
534 2231 639 2301 amici,
665 2233 781 2311 quomi-

100 2333 152 2372 nus
169 2303 527 2391 eodem'mari'oppetertt.
550 2311 683 2371 Tandem
702 2314 777 2372 rela-

101 2394 188 2454 bente
207 2392 291 2464 aestu,
311 2402 338 2453 &
359 2392 529 2453 secundante
546 2414 652 2465 vent0,
675 2395 779 2455 clztulae
832 2388 842 2407 ’

100 2498 189 2536 naves
206 2497 270 2534 raro
289 2477 430 2559 remigio,
445 2495 493 2534 aut
507 2477 622 2535 intentis
638 2473 779 2547 vestibus,

99 2565 131 2618 δι
157 2557 287 2639 quedam
309 2580 325 2615 a
346 2557 529 2615 validioribus
553 2560 663 2628 traelae,
683 2576 777 2615 rever-

98 2640 160 2699 tdte
183 2662 190 2695 z
211 2662 281 2720 quas
297 2641 401 2717 raptim
416 2637 532 2697 refectas
550 2640 644 2708 misit,
665 2658 694 2697 ut
708 2658 780 2697 sctu-

101 2741 228 2781 tarentut
243 2721 364 2780 insudas:
382 2720 492 2779 collesti
509 2718 541 2778 ed
556 2717 619 2777 curli
636 2718 756 2799 plerique
771 2742 778 2777 :

100 2804 210 2865 multos
227 2803 392 2889 Angrivarii
410 2822 496 2890 nuper
513 2803 544 2862 in
557 2799 643 2863 fidem
657 2802 779 2882 accepti,
