<?xml version="1.0" encoding="UTF-8"?>
<!DOCTYPE html PUBLIC "-//W3C//DTD XHTML 1.0 Transitional//EN"
    "http://www.w3.org/TR/xhtml1/DTD/xhtml1-transitional.dtd">
<html xmlns="http://www.w3.org/1999/xhtml" xml:lang="en" lang="en">
 <head>
  <title>
</title>
<meta http-equiv="Content-Type" content="text/html;charset=utf-8" />
  <meta name='ocr-system' content='tesseract 3.04.00' />
  <meta name='ocr-capabilities' content='ocr_page ocr_carea ocr_par ocr_line ocrx_word'/>
</head>
<body>
  <div class='ocr_page' id='page_1' title='image "./ccorneliitaciti02lallgoog/ccorneliitaciti02lallgoog_0067.png"; bbox 0 0 2075 3659; ppageno 0'>
   <div class='ocr_carea' id='block_1_1' title="bbox 231 304 768 403">
    <p class='ocr_par' dir='ltr' id='par_1_1' title="bbox 231 304 768 403">
     <span class='ocr_line' id='line_1_1' title="bbox 231 304 768 403; baseline 0 -24"><span class='ocrx_word' id='word_1_1' title='bbox 231 304 480 379; x_wconf 70' lang='grc' dir='ltr'><strong>ἈΝΝΑῑιυΜ</strong></span> <span class='ocrx_word' id='word_1_2' title='bbox 505 310 590 379; x_wconf 78' lang='lat' dir='ltr'><strong>liu.</strong></span> <span class='ocrx_word' id='word_1_3' title='bbox 617 314 648 379; x_wconf 85' lang='lat'><strong>1.</strong></span> <span class='ocrx_word' id='word_1_4' title='bbox 730 336 768 403; x_wconf 70' lang='lat'><strong>33</strong></span> 
     </span>
    </p>
   </div>
   <div class='ocr_carea' id='block_1_2' title="bbox 88 428 774 1813">
    <p class='ocr_par' dir='ltr' id='par_1_2' title="bbox 88 428 774 1813">
     <span class='ocr_line' id='line_1_2' title="bbox 90 428 770 503; baseline -0.003 -10"><span class='ocrx_word' id='word_1_5' title='bbox 90 428 204 493; x_wconf 58' lang='lat' dir='ltr'><strong>&#39;diuersa</strong></span> <span class='ocrx_word' id='word_1_6' title='bbox 224 452 240 490; x_wconf 91' lang='lat' dir='ltr'><strong>a</strong></span> <span class='ocrx_word' id='word_1_7' title='bbox 258 428 368 491; x_wconf 81' lang='lat' dir='ltr'><strong>Tiberii</strong></span> <span class='ocrx_word' id='word_1_8' title='bbox 385 450 534 503; x_wconf 85' lang='lat' dir='ltr'>sermone,</span> <span class='ocrx_word' id='word_1_9' title='bbox 556 431 657 503; x_wconf 85' lang='lat' dir='ltr'><strong>vultu,</strong></span> <span class='ocrx_word' id='word_1_10' title='bbox 682 430 770 491; x_wconf 85' lang='lat' dir='ltr'><strong>adro·</strong></span> 
     </span>
     <span class='ocr_line' id='line_1_3' title="bbox 113 512 770 573; baseline -0.003 0"><span class='ocrx_word' id='word_1_11' title='bbox 113 512 229 573; x_wconf 84' lang='lat' dir='ltr'><strong>antibus</strong></span> <span class='ocrx_word' id='word_1_12' title='bbox 253 522 280 572; x_wconf 82' lang='grc' dir='ltr'><strong>δι</strong></span> <span class='ocrx_word' id='word_1_13' title='bbox 300 513 433 572; x_wconf 77' lang='lat' dir='ltr'><strong>obscuris.</strong></span> <span class='ocrx_word' id='word_1_14' title='bbox 458 512 641 573; x_wconf 82' lang='lat' dir='ltr'>Accedebant</span> <span class='ocrx_word' id='word_1_15' title='bbox 666 514 770 573; x_wconf 87' lang='lat' dir='ltr'><strong>mulie-</strong></span> 
     </span>
     <span class='ocr_line' id='line_1_4' title="bbox 90 535 772 663; baseline 0.004 -11"><span class='ocrx_word' id='word_1_16' title='bbox 90 535 155 653; x_wconf 65' lang='lat' dir='ltr'><strong>bres</strong></span> <span class='ocrx_word' id='word_1_17' title='bbox 184 590 374 663; x_wconf 83' lang='lat' dir='ltr'><strong>offensiones,</strong></span> <span class='ocrx_word' id='word_1_18' title='bbox 407 594 602 654; x_wconf 87' lang='lat' dir='ltr'><strong>novercalibus</strong></span> <span class='ocrx_word' id='word_1_19' title='bbox 626 594 717 654; x_wconf 68' lang='lat' dir='ltr'><strong>Livia,</strong></span> <span class='ocrx_word' id='word_1_20' title='bbox 739 596 772 655; x_wconf 87' lang='lat' dir='ltr'><strong>in</strong></span> 
     </span>
     <span class='ocr_line' id='line_1_5' title="bbox 90 672 774 759; baseline -0.001 -24"><span class='ocrx_word' id='word_1_21' title='bbox 90 676 283 759; x_wconf 78' lang='lat' dir='ltr'>Agrippinam</span> <span class='ocrx_word' id='word_1_22' title='bbox 308 672 427 733; x_wconf 85' lang='lat' dir='ltr'><strong>stimulis</strong></span> <span class='ocrx_word' id='word_1_23' title='bbox 453 697 460 730; x_wconf 75' lang='grc' dir='ltr'><strong><em>ε</em></strong></span> <span class='ocrx_word' id='word_1_24' title='bbox 484 695 568 757; x_wconf 89' lang='lat' dir='ltr'><strong>atque</strong></span> <span class='ocrx_word' id='word_1_25' title='bbox 588 676 647 755; x_wconf 82' lang='lat' dir='ltr'><strong>ipsa</strong></span> <span class='ocrx_word' id='word_1_26' title='bbox 662 674 774 759; x_wconf 78' lang='lat' dir='ltr'><strong>Agrip·</strong></span> 
     </span>
     <span class='ocr_line' id='line_1_6' title="bbox 90 752 771 837; baseline 0.001 -23"><span class='ocrx_word' id='word_1_27' title='bbox 90 759 159 836; x_wconf 85' lang='lat' dir='ltr'><strong>pina</strong></span> <span class='ocrx_word' id='word_1_28' title='bbox 171 756 266 836; x_wconf 85' lang='lat' dir='ltr'><strong>paullo</strong></span> <span class='ocrx_word' id='word_1_29' title='bbox 275 756 467 824; x_wconf 84' lang='lat' dir='ltr'><strong>commotior,</strong></span> <span class='ocrx_word' id='word_1_30' title='bbox 475 758 529 816; x_wconf 88' lang='lat' dir='ltr'><strong>nisi</strong></span> <span class='ocrx_word' id='word_1_31' title='bbox 539 752 617 837; x_wconf 86' lang='lat' dir='ltr'><strong>qubd</strong></span> <span class='ocrx_word' id='word_1_32' title='bbox 628 752 771 827; x_wconf 78' lang='lat' dir='ltr'><strong>castitate,</strong></span> 
     </span>
     <span class='ocr_line' id='line_1_7' title="bbox 90 837 772 917; baseline 0.003 -20"><span class='ocrx_word' id='word_1_33' title='bbox 90 846 118 897; x_wconf 72' lang='grc' dir='ltr'><strong>δι</strong></span> <span class='ocrx_word' id='word_1_34' title='bbox 131 839 229 897; x_wconf 88' lang='lat' dir='ltr'><strong>mariti</strong></span> <span class='ocrx_word' id='word_1_35' title='bbox 246 858 359 906; x_wconf 85' lang='lat' dir='ltr'><strong>amore,</strong></span> <span class='ocrx_word' id='word_1_36' title='bbox 379 839 508 917; x_wconf 88' lang='lat' dir='ltr'><strong>quamvis</strong></span> <span class='ocrx_word' id='word_1_37' title='bbox 521 837 694 897; x_wconf 85' lang='lat' dir='ltr'><strong>indomitum</strong></span> <span class='ocrx_word' id='word_1_38' title='bbox 709 841 772 899; x_wconf 88' lang='lat' dir='ltr'><strong>ani·</strong></span> 
     </span>
     <span class='ocr_line' id='line_1_8' title="bbox 88 918 486 978; baseline 0.005 -1"><span class='ocrx_word' id='word_1_39' title='bbox 88 938 173 977; x_wconf 89' lang='lat' dir='ltr'><strong>mum</strong></span> <span class='ocrx_word' id='word_1_40' title='bbox 186 920 215 976; x_wconf 91' lang='lat' dir='ltr'><strong>in</strong></span> <span class='ocrx_word' id='word_1_41' title='bbox 229 918 337 977; x_wconf 84' lang='lat' dir='ltr'><strong>bonurn</strong></span> <span class='ocrx_word' id='word_1_42' title='bbox 352 918 486 978; x_wconf 79' lang='lat' dir='ltr'><strong>vertebat.</strong></span> 
     </span>
     <span class='ocr_line' id='line_1_9' title="bbox 93 998 772 1083; baseline 0.009 -26"><span class='ocrx_word' id='word_1_43' title='bbox 93 1012 98 1018; x_wconf 85' lang='grc'><em>·</em></span> <span class='ocrx_word' id='word_1_44' title='bbox 132 998 772 1083; x_wconf 74' lang='lat' dir='ltr'><strong>XXXIV.SedGermanicusquantbsunimae</strong></span> 
     </span>
     <span class='ocr_line' id='line_1_10' title="bbox 90 1078 771 1163; baseline 0.006 -22"><span class='ocrx_word' id='word_1_45' title='bbox 90 1082 152 1161; x_wconf 87' lang='lat' dir='ltr'><strong>spei</strong></span> <span class='ocrx_word' id='word_1_46' title='bbox 170 1082 301 1161; x_wconf 86' lang='lat' dir='ltr'>propior,</span> <span class='ocrx_word' id='word_1_47' title='bbox 320 1078 401 1140; x_wconf 81' lang='lat' dir='ltr'><strong>tantb</strong></span> <span class='ocrx_word' id='word_1_48' title='bbox 416 1080 566 1161; x_wconf 76' lang='lat' dir='ltr'><strong>impensius</strong></span> <span class='ocrx_word' id='word_1_49' title='bbox 579 1102 630 1163; x_wconf 85' lang='lat' dir='ltr'><strong>pro</strong></span> <span class='ocrx_word' id='word_1_50' title='bbox 646 1080 771 1145; x_wconf 83' lang='lat' dir='ltr'><strong>Tiberio</strong></span> 
     </span>
     <span class='ocr_line' id='line_1_11' title="bbox 89 1161 771 1245; baseline 0.01 -25"><span class='ocrx_word' id='word_1_51' title='bbox 89 1163 155 1220; x_wconf 89' lang='lat' dir='ltr'><strong>niti.</strong></span> <span class='ocrx_word' id='word_1_52' title='bbox 188 1161 333 1243; x_wconf 83' lang='lat' dir='ltr'>Sequanos</span> <span class='ocrx_word' id='word_1_53' title='bbox 362 1164 534 1241; x_wconf 85' lang='lat' dir='ltr'><strong>proximos,</strong></span> <span class='ocrx_word' id='word_1_54' title='bbox 564 1172 591 1223; x_wconf 87' lang='lat'>&amp;</span> <span class='ocrx_word' id='word_1_55' title='bbox 619 1164 771 1245; x_wconf 72' lang='lat' dir='ltr'>Belgarum</span> 
     </span>
     <span class='ocr_line' id='line_1_12' title="bbox 89 1228 770 1325; baseline 0.006 -24"><span class='ocrx_word' id='word_1_56' title='bbox 89 1244 220 1302; x_wconf 82' lang='lat' dir='ltr'><strong>civitates</strong></span> <span class='ocrx_word' id='word_1_57' title='bbox 248 1244 277 1301; x_wconf 90' lang='lat' dir='ltr'><strong>in</strong></span> <span class='ocrx_word' id='word_1_58' title='bbox 300 1241 385 1301; x_wconf 83' lang='lat' dir='ltr'><strong>verba</strong></span> <span class='ocrx_word' id='word_1_59' title='bbox 413 1249 469 1321; x_wconf 82' lang='lat' dir='ltr'><strong>ejus</strong></span> <span class='ocrx_word' id='word_1_60' title='bbox 495 1242 595 1325; x_wconf 80' lang='lat' dir='ltr'>adigit.</span> <span class='ocrx_word' id='word_1_61' title='bbox 625 1228 739 1305; x_wconf 86' lang='lat' dir='ltr'><strong>Debinc</strong></span> <span class='ocrx_word' id='word_1_62' title='bbox 756 1294 770 1319; x_wconf 93' lang='lat'><em>‚</em></span> 
     </span>
     <span class='ocr_line' id='line_1_13' title="bbox 88 1322 772 1405; baseline 0.006 -22"><span class='ocrx_word' id='word_1_63' title='bbox 88 1322 192 1383; x_wconf 74' lang='lat' dir='ltr'><strong>audito</strong></span> <span class='ocrx_word' id='word_1_64' title='bbox 199 1323 343 1405; x_wconf 85' lang='lat' dir='ltr'><strong>legionum</strong></span> <span class='ocrx_word' id='word_1_65' title='bbox 352 1322 490 1393; x_wconf 87' lang='lat' dir='ltr'>tumultu,</span> <span class='ocrx_word' id='word_1_66' title='bbox 501 1326 602 1403; x_wconf 85' lang='lat' dir='ltr'><strong>raptim</strong></span> <span class='ocrx_word' id='word_1_67' title='bbox 611 1325 750 1404; x_wconf 69' lang='lat' dir='ltr'><strong>profedus</strong></span> <span class='ocrx_word' id='word_1_68' title='bbox 757 1375 772 1401; x_wconf 84' lang='lat'><em>‚</em></span> 
     </span>
     <span class='ocr_line' id='line_1_14' title="bbox 89 1401 774 1485; baseline 0.007 -22"><span class='ocrx_word' id='word_1_69' title='bbox 89 1404 194 1464; x_wconf 87' lang='lat' dir='ltr'><strong>obvias</strong></span> <span class='ocrx_word' id='word_1_70' title='bbox 208 1424 283 1463; x_wconf 83' lang='lat' dir='ltr'><strong>extra</strong></span> <span class='ocrx_word' id='word_1_71' title='bbox 301 1402 385 1463; x_wconf 82' lang='lat' dir='ltr'><strong>castra</strong></span> <span class='ocrx_word' id='word_1_72' title='bbox 404 1401 524 1473; x_wconf 84' lang='lat' dir='ltr'>habuit,</span> <span class='ocrx_word' id='word_1_73' title='bbox 542 1404 654 1485; x_wconf 74' lang='lat' dir='ltr'><strong>dejestis</strong></span> <span class='ocrx_word' id='word_1_74' title='bbox 668 1408 697 1466; x_wconf 91' lang='lat' dir='ltr'><strong>in</strong></span> <span class='ocrx_word' id='word_1_75' title='bbox 716 1429 774 1468; x_wconf 86' lang='lat' dir='ltr'><strong>ter-</strong></span> 
     </span>
     <span class='ocr_line' id='line_1_15' title="bbox 88 1484 771 1570; baseline 0.006 -24"><span class='ocrx_word' id='word_1_76' title='bbox 88 1506 153 1546; x_wconf 86' lang='lat' dir='ltr'><strong>ram</strong></span> <span class='ocrx_word' id='word_1_77' title='bbox 177 1484 286 1555; x_wconf 91' lang='lat' dir='ltr'><strong>oculis,</strong></span> <span class='ocrx_word' id='word_1_78' title='bbox 311 1485 389 1545; x_wconf 86' lang='lat' dir='ltr'><strong>velut</strong></span> <span class='ocrx_word' id='word_1_79' title='bbox 416 1484 591 1564; x_wconf 70' lang='lat' dir='ltr'><strong>poenitentia.</strong></span> <span class='ocrx_word' id='word_1_80' title='bbox 618 1484 771 1570; x_wconf 85' lang='lat' dir='ltr'><strong>Postquam</strong></span> 
     </span>
     <span class='ocr_line' id='line_1_16' title="bbox 88 1564 771 1650; baseline 0.006 -23"><span class='ocrx_word' id='word_1_81' title='bbox 88 1566 201 1627; x_wconf 87' lang='lat' dir='ltr'><strong>vallum</strong></span> <span class='ocrx_word' id='word_1_82' title='bbox 215 1567 297 1635; x_wconf 85' lang='lat' dir='ltr'><strong>iniit,</strong></span> <span class='ocrx_word' id='word_1_83' title='bbox 310 1565 415 1625; x_wconf 86' lang='lat' dir='ltr'><strong>dissoni</strong></span> <span class='ocrx_word' id='word_1_84' title='bbox 426 1564 536 1647; x_wconf 85' lang='lat' dir='ltr'><strong>questus</strong></span> <span class='ocrx_word' id='word_1_85' title='bbox 547 1566 636 1627; x_wconf 85' lang='lat' dir='ltr'><strong>audin’</strong></span> <span class='ocrx_word' id='word_1_86' title='bbox 648 1590 771 1650; x_wconf 79' lang='lat' dir='ltr'><strong>caepere:</strong></span> 
     </span>
     <span class='ocr_line' id='line_1_17' title="bbox 89 1646 770 1734; baseline 0.006 -25"><span class='ocrx_word' id='word_1_87' title='bbox 89 1656 120 1709; x_wconf 89' lang='lat'>&amp;</span> <span class='ocrx_word' id='word_1_88' title='bbox 139 1646 258 1728; x_wconf 85' lang='lat' dir='ltr'><strong>quidam</strong></span> <span class='ocrx_word' id='word_1_89' title='bbox 274 1668 370 1727; x_wconf 86' lang='lat' dir='ltr'><strong>prensa</strong></span> <span class='ocrx_word' id='word_1_90' title='bbox 394 1668 480 1706; x_wconf 83' lang='lat' dir='ltr'><strong>manu</strong></span> <span class='ocrx_word' id='word_1_91' title='bbox 502 1653 560 1729; x_wconf 83' lang='lat' dir='ltr'><strong>ejus</strong></span> <span class='ocrx_word' id='word_1_92' title='bbox 580 1670 629 1730; x_wconf 88' lang='lat' dir='ltr'><strong>pet</strong></span> <span class='ocrx_word' id='word_1_93' title='bbox 649 1654 770 1734; x_wconf 87' lang='lat' dir='ltr'><strong>speeiem</strong></span> 
     </span>
     <span class='ocr_line' id='line_1_18' title="bbox 89 1728 772 1813; baseline 0.012 -26"><span class='ocrx_word' id='word_1_94' title='bbox 89 1728 264 1797; x_wconf 84' lang='lat' dir='ltr'><strong>osculandi,</strong></span> <span class='ocrx_word' id='word_1_95' title='bbox 286 1730 457 1789; x_wconf 78' lang='lat' dir='ltr'><strong>inserueuint</strong></span> <span class='ocrx_word' id='word_1_96' title='bbox 477 1728 604 1813; x_wconf 82' lang='lat' dir='ltr'><strong>digitos,</strong></span> <span class='ocrx_word' id='word_1_97' title='bbox 630 1752 662 1792; x_wconf 85' lang='lat' dir='ltr'><strong>ut</strong></span> <span class='ocrx_word' id='word_1_98' title='bbox 681 1755 772 1797; x_wconf 78' lang='lat' dir='ltr'><strong>vacua</strong></span> 
     </span>
    </p>
   </div>
   <div class='ocr_carea' id='block_1_3' title="bbox 89 1809 774 1949">
    <p class='ocr_par' dir='ltr' id='par_1_3' title="bbox 89 1809 774 1949">
     <span class='ocr_line' id='line_1_19' title="bbox 89 1809 774 1949; baseline 0.006 -79"><span class='ocrx_word' id='word_1_99' title='bbox 89 1809 226 1870; x_wconf 89' lang='lat' dir='ltr'><strong>dentibus</strong></span> <span class='ocrx_word' id='word_1_100' title='bbox 244 1830 292 1868; x_wconf 81' lang='lat' dir='ltr'><strong>ora</strong></span> <span class='ocrx_word' id='word_1_101' title='bbox 311 1812 487 1949; x_wconf 48' lang='lat' dir='ltr'><strong>contingeret</strong></span> <span class='ocrx_word' id='word_1_102' title='bbox 505 1835 511 1869; x_wconf 76' lang='grc' dir='ltr'><strong>ι</strong></span> <span class='ocrx_word' id='word_1_103' title='bbox 530 1812 579 1870; x_wconf 80' lang='lat' dir='ltr'><strong>alii</strong></span> <span class='ocrx_word' id='word_1_104' title='bbox 598 1832 710 1875; x_wconf 72' lang='lat' dir='ltr'><strong>curvata</strong></span> <span class='ocrx_word' id='word_1_105' title='bbox 730 1837 774 1876; x_wconf 84' lang='lat' dir='ltr'><strong>se-</strong></span> 
     </span>
    </p>
   </div>
   <div class='ocr_carea' id='block_1_4' title="bbox 82 1889 855 2925">
    <p class='ocr_par' dir='ltr' id='par_1_4' title="bbox 82 1889 855 2925">
     <span class='ocr_line' id='line_1_20' title="bbox 89 1889 774 1955; baseline 0.004 -3"><span class='ocrx_word' id='word_1_106' title='bbox 89 1893 142 1952; x_wconf 89' lang='lat' dir='ltr'><strong>nio</strong></span> <span class='ocrx_word' id='word_1_107' title='bbox 155 1889 284 1949; x_wconf 85' lang='lat' dir='ltr'><strong>membra</strong></span> <span class='ocrx_word' id='word_1_108' title='bbox 295 1890 407 1950; x_wconf 87' lang='lat' dir='ltr'><strong>ostende</strong></span> <span class='ocrx_word' id='word_1_109' title='bbox 429 1912 486 1951; x_wconf 88' lang='lat' dir='ltr'><strong>ant.</strong></span> <span class='ocrx_word' id='word_1_110' title='bbox 501 1890 689 1953; x_wconf 86' lang='lat' dir='ltr'><strong>Adsisteneem</strong></span> <span class='ocrx_word' id='word_1_111' title='bbox 704 1916 774 1955; x_wconf 87' lang='lat' dir='ltr'><strong>con·</strong></span> 
     </span>
     <span class='ocr_line' id='line_1_21' title="bbox 89 1974 773 2053; baseline 0.006 -22"><span class='ocrx_word' id='word_1_112' title='bbox 89 1975 231 2043; x_wconf 89' lang='lat' dir='ltr'><strong>cionem,</strong></span> <span class='ocrx_word' id='word_1_113' title='bbox 259 1974 325 2052; x_wconf 84' lang='lat' dir='ltr'><strong>quia</strong></span> <span class='ocrx_word' id='word_1_114' title='bbox 349 1974 486 2053; x_wconf 82' lang='lat' dir='ltr'><strong>permixta</strong></span> <span class='ocrx_word' id='word_1_115' title='bbox 508 1974 685 2043; x_wconf 83' lang='lat' dir='ltr'><strong>videbatur,</strong></span> <span class='ocrx_word' id='word_1_116' title='bbox 711 1978 773 2035; x_wconf 82' lang='lat' dir='ltr'><strong>dis·</strong></span> 
     </span>
     <span class='ocr_line' id='line_1_22' title="bbox 90 2052 774 2133; baseline 0.004 -20"><span class='ocrx_word' id='word_1_117' title='bbox 90 2058 184 2113; x_wconf 82' lang='lat' dir='ltr'><strong>cedere</strong></span> <span class='ocrx_word' id='word_1_118' title='bbox 205 2055 235 2111; x_wconf 88' lang='lat' dir='ltr'><strong>in</strong></span> <span class='ocrx_word' id='word_1_119' title='bbox 260 2054 413 2128; x_wconf 81' lang='lat' dir='ltr'><strong>manipulos</strong></span> <span class='ocrx_word' id='word_1_120' title='bbox 431 2054 529 2133; x_wconf 89' lang='lat' dir='ltr'><strong>jubet,</strong></span> <span class='ocrx_word' id='word_1_121' title='bbox 548 2055 590 2112; x_wconf 85' lang='lat' dir='ltr'><strong>sic</strong></span> <span class='ocrx_word' id='word_1_122' title='bbox 609 2052 707 2113; x_wconf 67' lang='lat' dir='ltr'><strong>medus</strong></span> <span class='ocrx_word' id='word_1_123' title='bbox 723 2080 774 2116; x_wconf 87' lang='lat' dir='ltr'><strong>au-</strong></span> 
     </span>
     <span class='ocr_line' id='line_1_23' title="bbox 89 2134 775 2213; baseline 0.003 -18"><span class='ocrx_word' id='word_1_124' title='bbox 89 2137 201 2195; x_wconf 81' lang='lat' dir='ltr'><strong>dituros</strong></span> <span class='ocrx_word' id='word_1_125' title='bbox 229 2156 382 2209; x_wconf 82' lang='lat' dir='ltr'><strong>responsum</strong></span> <span class='ocrx_word' id='word_1_126' title='bbox 407 2158 417 2193; x_wconf 88' lang='lat'><strong>.·</strong></span> <span class='ocrx_word' id='word_1_127' title='bbox 441 2134 549 2194; x_wconf 75' lang='lat' dir='ltr'><strong>uexilla</strong></span> <span class='ocrx_word' id='word_1_128' title='bbox 570 2134 714 2213; x_wconf 75' lang='lat' dir='ltr'><strong>preferri,</strong></span> <span class='ocrx_word' id='word_1_129' title='bbox 742 2155 775 2197; x_wconf 83' lang='lat' dir='ltr'><strong>ut</strong></span> 
     </span>
     <span class='ocr_line' id='line_1_24' title="bbox 89 2214 771 2279; baseline 0.006 -5"><span class='ocrx_word' id='word_1_130' title='bbox 89 2218 127 2276; x_wconf 81' lang='lat' dir='ltr'><strong>id</strong></span> <span class='ocrx_word' id='word_1_131' title='bbox 139 2218 240 2275; x_wconf 81' lang='lat' dir='ltr'><strong>saltem</strong></span> <span class='ocrx_word' id='word_1_132' title='bbox 259 2216 421 2275; x_wconf 81' lang='lat' dir='ltr'><strong>discerneret</strong></span> <span class='ocrx_word' id='word_1_133' title='bbox 442 2214 566 2274; x_wconf 80' lang='lat' dir='ltr'><strong>cohortes</strong></span> <span class='ocrx_word' id='word_1_134' title='bbox 584 2240 594 2274; x_wconf 92' lang='lat'><em>:</em></span> <span class='ocrx_word' id='word_1_135' title='bbox 615 2214 694 2275; x_wconf 67' lang='lat' dir='ltr'><strong>tardb</strong></span> <span class='ocrx_word' id='word_1_136' title='bbox 711 2219 771 2279; x_wconf 84' lang='lat' dir='ltr'><strong>ob-</strong></span> 
     </span>
     <span class='ocr_line' id='line_1_25' title="bbox 91 2296 774 2379; baseline 0.001 -20"><span class='ocrx_word' id='word_1_137' title='bbox 91 2317 294 2377; x_wconf 84' lang='lat' dir='ltr'><strong>temperavere.</strong></span> <span class='ocrx_word' id='word_1_138' title='bbox 306 2296 390 2355; x_wconf 90' lang='lat' dir='ltr'><strong>Tunc</strong></span> <span class='ocrx_word' id='word_1_139' title='bbox 399 2298 596 2357; x_wconf 77' lang='lat' dir='ltr'><strong>eueneratione</strong></span> <span class='ocrx_word' id='word_1_140' title='bbox 603 2296 719 2379; x_wconf 72' lang='lat' dir='ltr'><strong>Augusti</strong></span> <span class='ocrx_word' id='word_1_141' title='bbox 728 2322 774 2360; x_wconf 89' lang='lat' dir='ltr'><strong>or-</strong></span> 
     </span>
     <span class='ocr_line' id='line_1_26' title="bbox 89 2376 855 2457; baseline 0.003 -19"><span class='ocrx_word' id='word_1_142' title='bbox 89 2400 155 2448; x_wconf 88' lang='lat' dir='ltr'><strong>sus,</strong></span> <span class='ocrx_word' id='word_1_143' title='bbox 166 2376 426 2439; x_wconf 69' lang='lat' dir='ltr'><strong>flexitaduieiorias</strong></span> <span class='ocrx_word' id='word_1_144' title='bbox 435 2378 634 2457; x_wconf 78' lang='lat' dir='ltr'><strong>triumphosque</strong></span> <span class='ocrx_word' id='word_1_145' title='bbox 646 2378 773 2453; x_wconf 77' lang='lat' dir='ltr'><strong>Tiberii,</strong></span> <span class='ocrx_word' id='word_1_146' title='bbox 852 2440 855 2445; x_wconf 82' lang='grc'><strong>,</strong></span> 
     </span>
     <span class='ocr_line' id='line_1_27' title="bbox 89 2458 776 2541; baseline 0.003 -22"><span class='ocrx_word' id='word_1_147' title='bbox 89 2461 238 2541; x_wconf 78' lang='lat' dir='ltr'><strong>praecipuis</strong></span> <span class='ocrx_word' id='word_1_148' title='bbox 265 2458 395 2519; x_wconf 84' lang='lat' dir='ltr'><strong>laudibus</strong></span> <span class='ocrx_word' id='word_1_149' title='bbox 425 2460 586 2529; x_wconf 81' lang='lat' dir='ltr'><strong>celebrans,</strong></span> <span class='ocrx_word' id='word_1_150' title='bbox 615 2480 674 2536; x_wconf 77' lang='lat' dir='ltr'><strong>qaae</strong></span> <span class='ocrx_word' id='word_1_151' title='bbox 702 2466 776 2536; x_wconf 85' lang='lat' dir='ltr'><strong>apud</strong></span> 
     </span>
     <span class='ocr_line' id='line_1_28' title="bbox 92 2540 776 2618; baseline 0 -17"><span class='ocrx_word' id='word_1_152' title='bbox 92 2540 265 2601; x_wconf 75' lang='lat' dir='ltr'><strong>Germanias</strong></span> <span class='ocrx_word' id='word_1_153' title='bbox 280 2541 339 2599; x_wconf 82' lang='lat' dir='ltr'><em>illis</em></span> <span class='ocrx_word' id='word_1_154' title='bbox 354 2562 412 2598; x_wconf 88' lang='lat' dir='ltr'><strong>cum</strong></span> <span class='ocrx_word' id='word_1_155' title='bbox 426 2540 577 2618; x_wconf 79' lang='lat' dir='ltr'><strong>legionibus</strong></span> <span class='ocrx_word' id='word_1_156' title='bbox 589 2541 776 2613; x_wconf 72' lang='lat' dir='ltr'><strong>pulcherrima</strong></span> 
     </span>
     <span class='ocr_line' id='line_1_29' title="bbox 82 2620 777 2701; baseline 0 -20"><span class='ocrx_word' id='word_1_157' title='bbox 82 2623 214 2701; x_wconf 85' lang='lat' dir='ltr'><strong>fecisset.</strong></span> <span class='ocrx_word' id='word_1_158' title='bbox 232 2621 324 2680; x_wconf 79' lang='lat' dir='ltr'><strong>Italia</strong></span> <span class='ocrx_word' id='word_1_159' title='bbox 342 2620 408 2679; x_wconf 88' lang='lat' dir='ltr'><strong>inde</strong></span> <span class='ocrx_word' id='word_1_160' title='bbox 420 2642 594 2689; x_wconf 85' lang='lat' dir='ltr'><strong>consensum,</strong></span> <span class='ocrx_word' id='word_1_161' title='bbox 615 2620 777 2681; x_wconf 67' lang='lat' dir='ltr'><strong>Galliarum</strong></span> 
     </span>
     <span class='ocr_line' id='line_1_30' title="bbox 86 2700 778 2782; baseline 0.004 -22"><span class='ocrx_word' id='word_1_162' title='bbox 86 2704 175 2782; x_wconf 82' lang='lat' dir='ltr'><strong>fidem</strong></span> <span class='ocrx_word' id='word_1_163' title='bbox 204 2702 339 2774; x_wconf 77' lang='lat' dir='ltr'><strong>extossit3</strong></span> <span class='ocrx_word' id='word_1_164' title='bbox 366 2702 412 2760; x_wconf 84' lang='lat' dir='ltr'><strong>nil</strong></span> <span class='ocrx_word' id='word_1_165' title='bbox 432 2722 543 2779; x_wconf 84' lang='lat' dir='ltr'><strong>usquam</strong></span> <span class='ocrx_word' id='word_1_166' title='bbox 567 2700 706 2761; x_wconf 72' lang='lat' dir='ltr'><strong>turbidam</strong></span> <span class='ocrx_word' id='word_1_167' title='bbox 726 2721 778 2763; x_wconf 75' lang='lat' dir='ltr'><strong>aut</strong></span> 
     </span>
     <span class='ocr_line' id='line_1_31' title="bbox 590 2862 653 2925; baseline 0.032 -2"><span class='ocrx_word' id='word_1_168' title='bbox 590 2862 653 2925; x_wconf 76' lang='lat' dir='ltr'><strong>nv</strong></span> 
     </span>
    </p>
   </div>
   <div class='ocr_carea' id='block_1_5' title="bbox 90 2787 211 2845">
    <p class='ocr_par' dir='ltr' id='par_1_5' title="bbox 90 2787 211 2845">
     <span class='ocr_line' id='line_1_32' title="bbox 90 2787 211 2845; baseline 0.017 -2"><span class='ocrx_word' id='word_1_169' title='bbox 90 2787 211 2845; x_wconf 70' lang='lat' dir='ltr'><strong>ancon.</strong></span> 
     </span>
    </p>
   </div>
   <div class='ocr_carea' id='block_1_6' title="bbox 0 0 1042 3659">
    <p class='ocr_par' dir='ltr' id='par_1_6' title="bbox 0 0 1042 3659">
     <span class='ocr_line' id='line_1_33' title="bbox 0 0 1042 3659; baseline 0 0"><span class='ocrx_word' id='word_1_170' title='bbox 0 0 1042 3659; x_wconf 95' lang='lat' dir='ltr'><strong> </strong></span> 
     </span>
    </p>
   </div>
  </div>
 </body>
</html>
