2075 3659
265 300 322 371 3⁶4
413 290 467 351 Ira
499 290 704 353 Lranuu
736 292 801 353 II.

295 397 352 449 XL.
370 412 395 450 ι.
411 398 508 449 Servum
516 398 595 464 strum.
611 401 729 453 Venerat
747 402 822 451 enlm
835 402 866 452 ad
875 400 947 454 Tibu

257 473 320 525 rium
339 472 452 522 universa
469 474 596 525 hereditas
611 476 742 542 Agrippas.

296 562 323 598 2.
339 544 469 613 Ambigatus
483 548 583 613 pudoris
598 564 627 605 ao
644 548 732 599 metris.
749 548 871 599 Dubium
892 550 950 599 iuter

256 621 383 689 pudorem,
399 620 422 669 si
435 619 500 670 servi
519 620 595 671 causi
610 636 847 685 commoveretur,
868 640 896 673 ac
911 640 950 673 ne-

258 708 326 753 rum,
341 711 372 745 ue
386 692 468 759 spreta
487 693 578 746 seditio
594 695 745 748 valesceret.

297 781 325 831 3.
341 766 465 817 Simulutei
480 769 636 835 consolemini.
652 770 788 838 fingendo
800 770 828 821 se
843 769 952 821 conscios

257 838 309 892 aue
323 858 353 893 ae
374 842 507 908 participes
529 858 616 903 eorum
631 877 638 899 ,
655 844 699 910 qui
719 843 872 912 Agrippam
891 844 951 895 tueri

257 915 376 966 adversus
399 915 530 967 Tiberium
550 917 688 967 statuerint.

294 1004 322 1051 4.
333 987 414 1038 fidem
431 1005 499 1056 utque
514 991 628 1057 periculo.
644 990 719 1041 Fidos
740 990 769 1041 se
788 991 829 1041 illi
844 1008 873 1042 ac
886 988 951 1058 perl-

257 1063 371 1117 culorum
391 1062 473 1113 socios
494 1064 550 1115 iore
570 1064 715 1129 spondeant.

297 1151 321 1195 5.
345 1133 471 1206 Quomodo
488 1151 515 1186 ru
532 1136 612 1203 cufim
639 1138 698 1187 Astu
721 1154 822 1206 nempe
844 1138 871 1188 δι
889 1136 948 1188 dolia

256 1206 335 1266 Liviae
353 1226 360 1262 a
378 1210 404 1259 id
425 1211 491 1260 enim
509 1210 594 1261 servus
614 1210 746 1262 innuebat.

293 1281 362 1334 XLl.
380 1300 404 1337 ι.
416 1282 494 1333 Fortis
505 1284 617 1347 fhrtunae.
628 1284 688 1335 Fors
699 1284 809 1335 fortuna
827 1302 875 1352 pro
888 1284 948 1335 bona

256 1356 413 1423 &prospera
423 1358 532 1409 fortuna.
547 1358 658 1412 Veteres
675 1359 744 1409 enim
755 1357 867 1423 fhrc‘lum
884 1358 947 1408 diee-

257 1432 318 1483 bant
339 1448 386 1498 pro
406 1434 484 1482 bono.

295 1521 323 1556 2.
340 1506 413 1573 Apud
429 1504 552 1557 Bouillas.
565 1504 655 1559 Vicum
670 1504 790 1573 intellige
801 1504 828 1555 in
840 1506 881 1556 ria
895 1505 946 1572 Ap·

254 1580 312 1647 pia,
332 1580 363 1629 ad
372 1579 526 1630 undecimum
538 1581 568 1629 ab
582 1582 643 1629 urbe
656 1579 773 1645 lapidem.
786 1579 856 1633 Hinc
867 1592 945 1630 autem

257 1652 377 1719 equestris
392 1654 455 1704 ordo
466 1654 570 1703 cadaver
581 1653 684 1721 Augusti
700 1653 811 1703 Romam
829 1655 945 1720 deporta·

257 1737 338 1776 verat.
352 1727 445 1776 Altera
457 1727 559 1777 bovillae
572 1729 731 1777 lueruntnon
742 1725 822 1795 longe
838 1746 853 1778 a
866 1725 947 1777 flumi-

257 1814 291 1854 ne
311 1798 380 1860 Liri,
399 1800 466 1849 inter
485 1800 651 1851 frusinonem
671 1800 698 1850 ἃ
715 1800 819 1851 Soram.

296 1887 322 1939 3.
350 1871 460 1941 Quinque
481 1873 563 1924 liderla
586 1873 689 1936 onustus.
707 1874 747 1924 Ex
763 1890 839 1924 more
859 1875 943 1925 trium

258 1946 403 2015 pheodum,
418 1948 459 2014 qui
476 1946 570 1997 liberos
587 1948 696 1997 minores
713 1947 739 1997 in
759 1964 854 2004 curru,
875 1964 944 2015 gran-

257 2023 343 2072 diores
355 2021 478 2071 interdum
489 2021 558 2088 equis
571 2021 761 2087 triumphalibus
771 2020 943 2087 imponebant.

234 2124 237 2146 ι
296 2094 377 2147 XLll.
400 2110 425 2147 r.
453 2093 567 2145 Treueros
587 2112 700 2145 nummos.
718 2092 838 2145 Pecuniae
856 2094 942 2145 nostre

258 2169 334 2235 371.
357 2184 391 2221 ro
409 2168 430 2218 s.

297 2256 324 2293 2.
341 2242 481 2295 malchus.
505 2240 544 2292 Ex
568 2240 693 2294 Archelao
710 2240 867 2292 Mithridatis
880 2254 940 2307 prae·

258 2313 325 2365 ledo
345 2315 476 2370 oriundus.
497 2356 501 2363 .

273 2394 277 2400 '
298 2402 323 2455 3.
332 2385 435 2457 Regibus
442 2407 516 2456 aequa.
532 2389 628 2443 Gradus
642 2388 707 2438 enim
718 2404 806 2459 regum
819 2388 944 2447 summus.-

259 2460 350 2513 uirium
366 2479 468 2529 aequus,
485 2480 586 2515 reorum
603 2462 711 2514 infimus.
1019 2512 1020 2525 ,

296 2552 325 2599 4.
337 2540 471 2587 Centesimae
482 2537 588 2606 uefligaI.
605 2537 670 2589 Vide
683 2540 747 2587 dnn.
767 2552 795 2598 1,
808 2537 852 2601 78.
861 2535 941 2585 Tibe·
1019 2566 1020 2589 l

259 2606 328 2672 rius,
344 2610 414 2677 quasi
425 2611 562 2677 poeniteret
577 2618 632 2662 eum
643 2609 760 2660 beneficii
770 2644 778 2665 ,
792 2610 846 2675 post
857 2607 941 2675 Seiani

260 2697 387 2742 mortem,
403 2687 562 2737 centesimam
578 2686 669 2739 iterum
685 2682 805 2749 instituit,
821 2684 942 2735 ducente-

261 2757 321 2811 simi
337 2756 443 2815 inducta.
