2075 3659
203 308 454 381 AuuAtruu
478 308 564 381 [η.
589 308 660 381 111.
715 330 780 402 ¹99

81 432 204 505 urbis,
238 441 266 494 δι
293 428 434 512 postenim
463 432 587 515 gloriam
613 430 744 493 conferre
772 454 782 493 ι

83 536 156 599 quo
184 534 247 577 tum
274 514 404 594 exemplo
431 512 578 594 Lepidus,
604 532 782 597 quamquam

86 599 225 681 pecunia
247 595 398 666 modicus,
415 596 526 655 avitum
550 594 633 656 decus
651 598 783 657 recoluit.

89 682 138 741 At
148 677 280 753 Pompeii
288 676 421 737 theatrum
429 678 494 759 ig'ne
502 670 623 739 fortuito
634 675 782 750 batallum,

86 760 197 828 Caesau
219 780 252 820 ex
274 765 409 817 ruuumm
426 758 572 839 pollicitus
587 756 643 831 est,
663 760 695 819 ιὸ
712 760 786 839 qubd

90 864 181 903 nemo
200 851 221 901 *e
245 840 345 899 nmilia
364 841 533 923 restaurando
550 840 702 921 sufficerem
721 864 784 901 ma·

92 942 182 984 nente
196 940 286 983 tamen
302 922 412 981 nomine
424 920 575 997 Pompeii:
589 922 674 983 simul
683 922 783 983 laudi·

91 1006 153 1064 bus
175 1005 308 1082 Sejanum
334 1003 450 1075 extulit,
471 1022 602 1082 tanquam
626 1003 717 1065 labore
733 1006 784 1066 ui·

92 1086 271 1166 gilantibque
288 1085 347 1167 ejus
366 1102 445 1145 tanta
457 1087 505 1147 uis
518 1107 602 1145 unum
614 1086 690 1145 intra
703 1088 784 1145 darn·

95 1190 169 1227 num
185 1169 317 1250 stetisset.
343 1165 384 1227 Et
404 1186 532 1227 censuere
557 1187 648 1247 patres
670 1167 785 1246 effigiem

96 1248 209 1331 Sejano
217 1294 228 1320 ,
249 1270 305 1327 qua
325 1251 398 1324 apud
409 1249 545 1308 clrearrum
562 1249 691 1323 Pompeii
711 1251 785 1308 loca·

97 1349 307 1411 utamurque
321 1328 413 1390 mrultb
428 1327 490 1410 post
504 1328 620 1398 Cesar,
634 1348 723 1413 quum
738 1330 787 1390 lu-

95 1416 184 1473 nium
207 1412 325 1473 Blaesum
348 1412 544 1493 proconsulem
563 1409 666 1471 Africa
686 1411 786 1470 triurn-

98 1492 154 1576 phi
175 1495 229 1553 insi
250 1493 332 1553 nibus
351 1493 514 1564 attolleret,
530 1496 595 1553 dare
614 1493 647 1551 ia
665 1514 695 1551 se
715 1491 789 1552 dixit

101 1576 206 1636 bonati
216 1514 315 1715 bifarii
322 1620 331 1646 ,
345 1580 420 1655 cujus
432 1574 480 1635 ille
494 1573 647 1641 avunculus
662 1592 729 1635 erat.

145 1656 244 1717 LXXI
261 1656 284 1716 Ι.
301 1656 345 1715 ilc
364 1676 460 1717 tamen
476 1676 518 1715 res
533 1655 614 1716 Blaesi
630 1654 723 1741 dignu
741 1652 789 1714 de-

103 1760 171 1799 eote
196 1738 248 1799 tali
267 1737 342 1797 fuere
362 1761 369 1795 :
390 1760 458 1799 nam
477 1735 662 1810 Tacfarinas,
684 1756 789 1832 quarn·

97 1842 196 1904 ‚quam
217 1822 312 1900 sapius
335 1820 487 1900 depulsus,
513 1822 648 1901 reparatis
672 1840 731 1901 pen
742 1838 789 1880 m-

102 1907 179 1965 tima
202 1900 305 1963 Africae
323 1902 454 1972 auxiliis,
471 1899 526 1961 huc
544 1901 719 1986 adrogantiae
738 1922 789 1962 ve·

105 2004 204 2054 neret,
226 2003 258 2044 ut
277 1985 387 2066 legatos
408 1982 444 2043 ad
465 1982 615 2043 Tiberium
638 1984 790 2055 mitteret,

104 2071 247 2143 sedemque
260 2066 333 2125 ultro
348 2065 407 2125 sibi
419 2083 497 2142 atque
510 2064 643 2124 exercitui
656 2086 707 2123 suo
723 2086 791 2145 pos-

104 2150 233 2217 tularet,
258 2166 306 2207 aut
326 2147 427 2206 bellurn
451 2144 646 2219 inexplicabile
666 2146 789 2207 minita-

109 2250 194 2291 retuu
207 2227 277 2287 Non
298 2225 366 2287 aliis
385 2228 477 2368 maffis
491 2225 541 2287 sui
556 2226 710 2309 populique
728 2226 792 2287 llo-

110 2312 190 2371 mani
209 2308 382 2369 contumelia
402 2311 433 2369 in
453 2308 556 2369 oluisse
577 2306 719 2369 Caesarem
741 2308 790 2368 fe·

109 2412 193 2463 runt,
205 2389 292 2472 quim
303 2391 376 2469 qubd
386 2394 507 2451 desertor
520 2387 662 2465 &prado,
676 2391 791 2475 bostium

111 2496 183 2535 more
201 2492 315 2553 ageret.-
332 2496 365 2532 ne
383 2471 516 2547 Spartaco
532 2473 640 2549 quidem
651 2520 663 2544 ,
676 2474 735 2555 pasl
751 2489 794 2530 tat

109 2556 295 2617 consularium
311 2554 476 2613 exercituum
492 2554 583 2613 clades
599 2555 716 2613 inultam
733 2553 793 2611 Ita·

114 2638 182 2695 liam
199 2637 307 2706 urenti,
327 2657 487 2714 quamquam
500 2634 620 2694 Sertorii
637 2654 715 2711 atque
730 2632 793 2691 Mi-

111 2718 244 2781 thridatis
255 2718 409 2795 ingentibus
420 2717 501 2777 bellis
513 2717 619 2775 labaret
627 2714 730 2789 respub.
745 2717 794 2774 da-

115 2817 172 2860 rum
180 2846 193 2873 ,
206 2817 237 2861 ur
243 2806 325 2875 palla
341 2801 371 2861 in
378 2800 464 2881 fidem
478 2799 644 2875 acciperetur
645 2877 660 2939 I
675 2798 771 2889 nedum
779 2841 794 2871 ,

681 2897 709 2942 lv
