2075 3659
189 296 437 369 Auunrruu
463 260 550 364 Iris.
579 297 652 365 III.
705 303 773 386 187

77 416 169 508 quod
203 418 362 501 ingruentis
396 437 569 477 accusatores
593 438 778 497 represserat,

80 502 187 561 mittit
209 502 315 561 litteras
335 498 371 558 ad
383 518 531 569 senatum,
546 500 609 580 quis
618 502 778 581 potestatem

80 581 272 641 tribuniciam
288 581 382 641 Druso
405 580 528 661 petebat.
546 580 580 639 ld
597 584 702 640 summi
717 581 775 641 fas-

82 666 157 747 tigii
171 663 344 724 vocabulum
358 660 499 745 Augustus
512 664 635 742 reperit,
654 684 690 721 ne
704 664 777 743 regis

81 766 138 805 aut
159 746 304 805 dinatoris
316 764 423 804 nomen
438 743 615 815 adsumeret,
630 766 662 804 ac
680 765 777 805 tamen

85 827 287 907 appellatione
308 826 346 885 ali
367 847 403 885 ua
422 846 511 885 cetera
528 826 646 904 imperia
664 829 776 905 praenii-

84 928 181 969 neret.
204 910 251 968 M.
277 846 378 967 deinde
402 906 560 990 Agrippam
587 910 695 966 socium
719 914 777 988 ejus

86 986 266 1071 potestatis3
288 1010 346 1070 quo
373 987 506 1049 defuncto
518 1035 530 1058 ‚
549 988 698 1048 Tiberium
712 990 776 1049 Ne-

87 1090 196 1130 ronem
231 1070 360 1155 delegit,
390 1090 425 1129 ne
451 1091 590 1130 successor
615 1073 645 1129 in
667 1073 776 1132 incerto

86 1151 169 1213 foret
199 1176 206 1209 ε
237 1148 276 1212 sic
305 1149 431 1210 cohiberi
453 1173 550 1232 pravas
573 1152 693 1211 aliorum
715 1174 779 1233 spes

89 1234 234 1295 rebatur:
251 1232 492 1293 simulmodestiae
512 1234 655 1305 Neronis,
674 1244 702 1294 δι
722 1256 777 1295 sue

89 1314 291 1399 magnitudini
313 1312 431 1397 fidebat.x
454 1315 523 1391 Quo
541 1335 608 1375 tunc
626 1318 777 1395 exemplo,

88 1396 228 1457 Tiberius
253 1397 377 1461 Drusum
406 1416 521 1456 summae
550 1398 590 1455 tei
619 1396 775 1469 admovet3

89 1500 206 1560 quum,
237 1479 374 1537 incolumi
409 1478 606 1547 Germanico,
634 1480 777 1560 integrum
857 1474 859 1479 Α

89 1562 167 1628 inter
196 1558 266 1620 duos
286 1559 422 1639 judicium
448 1562 589 1620 tenuisset.
617 1560 672 1619 Sed
700 1562 778 1640 prin·

95 1644 175 1721 cipio
197 1642 352 1702 litterarum
376 1662 523 1701 veneratus
550 1641 638 1713 deos,
659 1660 689 1699 ut
710 1665 776 1701 con-

90 1726 167 1783 siliu
183 1746 236 1783 sua
254 1722 354 1797 reipub.
367 1742 582 1799 prosperarent,
606 1724 720 1782 modica
741 1724 777 1787 de

92 1806 224 1865 moribus
250 1804 464 1876 adolescentis,
499 1826 590 1886 neque
618 1806 647 1864 in
671 1806 777 1867 fulsum

91 1892 178 1949 auditi
197 1888 293 1948 retulit
316 1911 322 1944 r
343 1911 400 1947 esse
417 1889 464 1946 illi
472 1890 611 1967 conjugem
629 1884 655 1947 dr
674 1907 728 1947 tres
740 1890 777 1946 li-

93 1970 171 2043 beros
182 2017 194 2040 ,
213 1992 320 2046 eamque
336 1988 465 2040 erarem,
489 1972 542 2045 quei
561 1970 624 2041 ipsti
642 1972 778 2045 quondam

94 2076 112 2126 ᾳ
133 2054 204 2113 diuo
214 2050 337 2132 Augusto
356 2054 394 2110 ad
408 2052 598 2125 capessendum
615 2049 665 2107 hoc
679 2072 778 2110 munus

94 2155 211 2205 posterus
219 2135 268 2193 sir.
285 2134 379 2210 Neque
391 2155 460 2190 nunc
466 2131 595 2205 properi,
606 2134 656 2189 sed
659 2154 711 2204 per
720 2138 778 2191 olio

96 2239 185 2276 annos
205 2235 282 2291 capro
301 2214 499 2289 experimento,
521 2214 682 2286 compressis
700 2215 777 2272 sedi-

96 2299 242 2369 tionibus,
259 2298 418 2373 compositis
430 2296 509 2355 bellis
516 2342 528 2368 ‚
542 2295 732 2369 triumphalem
748 2294 776 2355 ἃ

97 2378 141 2439 dis
157 2384 315 2451 consulem,
327 2380 387 2438 nori
402 2378 504 2461 laboris
510 2379 674 2452 participem
688 2380 773 2437 sumi.

138 2462 235 2521 LVII.
267 2462 455 2541 Praecepetant
484 2462 587 2519 animis
615 2461 776 2518 orationem

98 2562 211 2630 patres,
236 2542 294 2625 qui)
315 2546 456 2624 quaesitior
476 2542 602 2609 adulatio
627 2540 682 2599 fuit
702 2560 776 2598 :nec

100 2644 196 2685 tamen
208 2646 346 2705 repertum
363 2672 372 2696 ‚
390 2626 444 2683 nisi
453 2643 482 2682 ur
495 2623 594 2701 effigies
600 2624 756 2694 principum
762 2666 777 2693 ,

100 2730 163 2766 aras
185 2710 280 2779 deum,
295 2704 433 2782 templa&
449 2728 545 2774 arcus,
564 2704 674 2783 aliaque
692 2703 776 2763 solite

101 2810 265 2853 censerent:
285 2791 339 2852 nisi
360 2786 438 2873 quiid
461 2789 506 2851 Μ.
531 2786 642 2849 Silanus
658 2806 692 2845 ex
708 2805 777 2846 corr·
