2075 3659
263 325 331 412 258
386 320 424 389 C.
452 320 597 389 Coum.
628 321 821 389 TAc1Tr

256 442 433 520 imperitante
462 439 584 498 Tiberio
614 441 716 520 procul
747 439 936 522 voluptatibrn

259 519 371 592 habiti,
402 521 481 580 virile
507 541 542 579 ac
572 521 708 578 muliebre
736 542 818 582 secus
851 524 938 580 omnis

258 623 341 673 aetas„
368 601 408 659 ob
432 603 672 681 propinquitatem
699 603 757 661 loci
788 601 906 662 effusius
932 624 937 659 :
1005 610 1006 619 ¹

230 685 232 687 ’
258 683 332 742 unde
357 683 471 765 gravior
493 681 576 762 pestis
593 681 669 754 fuit,
694 682 824 744 conferta
847 684 938 752 mole,

242 765 325 846 ‚dein
349 763 503 834 convulsi,
527 763 597 822 dum
625 765 680 822 ruit
713 765 809 836 intus,
838 785 890 824 aut
914 766 940 822 iu

226 868 230 876 ·
258 847 395 906 exteriora
420 842 596 914 effunditur3
625 847 855 928 immensamque
885 846 940 904 vim

259 928 444 998 mortalium,
471 926 630 1005 spectaculo
653 928 797 999 intentos,
823 946 874 987 aut
896 927 940 1007 qui

259 1006 363 1067 circum
389 1006 557 1078 adstabant,
582 1027 700 1087 praeceps
725 1006 835 1080 trahit,
859 1027 940 1088 atque

258 1091 357 1168 operit.
387 1090 426 1148 Et
452 1089 495 1146 illi
525 1087 640 1170 quidem
670 1109 741 1170 quos
772 1091 940 1171 principIum

259 1168 356 1252 stragis
372 1172 401 1229 in
419 1189 539 1230 mortem
557 1169 719 1241 adflixerat,
736 1189 767 1230 ut
782 1172 836 1231 tali
854 1189 939 1241 sorte,

259 1253 413 1312 cruciatum
427 1249 559 1334 effugere.
577 1252 737 1311 Miserandi
750 1255 861 1336 magis,
872 1273 939 1334 quos

260 1333 379 1414 abrupti
401 1354 477 1414 parte
496 1335 637 1412 corporis,
658 1332 790 1398 nondum
808 1337 868 1394 vita
888 1333 938 1391 de-

260 1435 380 1474 semerat
387 1438 397 1485 3
420 1418 470 1496 qui
487 1435 535 1494 per
560 1413 635 1473 diem
657 1417 739 1485 visu,
761 1435 810 1495 per
828 1419 939 1474 noctem

259 1496 457 1556 ululatibus&
483 1497 615 1580 gemitu,
638 1501 774 1578 conjuges
794 1492 845 1556 aut
867 1496 937 1555 Iibe-

259 1597 305 1637 ros
321 1577 482 1637 noscebant.
501 1578 567 1636 Iam
580 1578 662 1636 ceteri
681 1575 759 1636 fami
778 1579 881 1649 exciti,
896 1575 940 1635 hic

261 1658 396 1730 fratrem,
421 1660 611 1740 propinquum
633 1658 701 1729 ille,
723 1659 795 1718 alius
818 1678 939 1738 parentes

259 1741 410 1801 lamentari
424 1763 430 1797 :
446 1741 533 1799 etiam
550 1761 670 1821 quorum
684 1739 793 1800 diversa
808 1741 844 1800 de
863 1762 939 1800 causa

260 1825 347 1882 amici
369 1841 417 1882 aut
439 1825 587 1882 necessarii
608 1823 746 1892 aberant,
769 1844 872 1902 pavere
894 1843 937 1882 ta-

262 1926 328 1964 men
347 1925 459 1986 :neque
477 1902 547 1962 dum
563 1921 725 1984 comperto,
742 1925 816 1984 quos
836 1905 886 1964 illa
902 1905 941 1963 vis

262 1988 438 2067 perculisset,
456 1986 540 2044 latior
561 2005 595 2044 ex
612 1987 717 2044 incerto
740 2005 841 2046 metus.

274 2085 278 2090 ’
304 2068 410 2126 LXIII.
441 2069 484 2126 Ut
508 2087 614 2146 coepere
642 2067 781 2126 dimoveri
812 2067 939 2137 obruta5

262 2169 410 2208 concursus
432 2147 468 2207 ad
491 2150 653 2220 exanimos,
671 2149 940 2227 complectentium,

262 2231 449 2306 osculantium
473 2239 525 2288 z&
543 2249 613 2308 saepe
635 2249 801 2300 certamen,
825 2232 849 2288 si
868 2251 939 2288 con-

262 2309 349 2368 fusior
375 2309 460 2369 faciet
472 2355 481 2381 ,
512 2319 540 2370 δι
572 2331 622 2392 par
654 2309 747 2370 forma
778 2330 826 2368 aut
856 2329 941 2380 atat,

263 2411 383 2450 errorem
396 2391 633 2474 adgnoscentibus
657 2390 769 2451 fecerat.
790 2393 943 2472 Quinqua-

213 2527 216 2532 .
263 2475 344 2559 ginta
365 2470 515 2532 hominum
538 2474 628 2533 milIia
650 2495 684 2532 eo
707 2494 773 2533 casu
794 2468 941 2532 debilitata

260 2556 308 2615 vel
324 2554 429 2614 obtrita
449 2574 522 2614 sunt.
547 2555 728 2636 Cautumque
751 2557 781 2613 in
802 2552 941 2634 posterum

260 2637 524 2706 oenatusconsulto,
546 2659 579 2695 ne
599 2639 660 2714 quis
673 2638 873 2714 gladiatorium
886 2655 943 2693 'mu-

262 2740 314 2776 nus
329 2721 431 2788 ederet,
446 2719 491 2775 cui
504 2719 597 2776 minor
612 2719 868 2797 quadringentorum
879 2719 941 2774 mil·

262 2799 332 2858 lium
342 2821 404 2872 res,·
419 2822 487 2863 neve
501 2799 731 2875 amphitheatrum
745 2800 941 2875 imponeretur,
