2075 3659
159 260 164 271 ’
222 284 481 355 ANNALIUM.
507 286 593 357 Lis.
617 287 649 358 I.
728 312 773 377 49

91 420 162 469 non}
175 404 271 464 Romal
286 426 333 465 eos
353 407 480 477 milites,
499 406 548 466 sed
559 407 603 467 ab
623 408 657 467 L.
673 406 776 487 Aspre-

91 508 161 549 nate
183 488 348 568 proconsule
370 487 474 548 Africae
495 491 596 549 missos
615 488 775 561 tradidere,

59 584 62 589 '
92 573 209 629 auclore
228 568 369 638 Tiberio,
393 572 443 649 qui
467 569 577 631 famam
595 570 677 630 caedis
696 592 778 651 posse

91 652 325 729 in'Asprenarem
340 654 426 721 verti,
442 650 540 711 frustra
554 672 721 731 speraverat.

133 732 234 792 LIV.
261 731 342 790 Idem
370 754 460 791 annus
487 754 576 792 novas
603 736 778 795 caerimonias

90 815 205 893 accepit
219 860 230 883 ,
245 813 345 873 addito
364 813 504 873 sodalium
518 812 718 896 Augustalium
736 837 779 876 sa·

92 896 242 964 cerdori03
253 916 285 955 ut
299 894 445 976 quondam
460 895 497 955 T.
509 895 612 956 Tatius
625 898 779 959 retinendis

91 979 268 1039 Sabinorum
277 978 360 1036 sacris
372 976 479 1036 sodales
490 977 592 1037 Tatios
601 976 778 1040 instituerat:

92 1080 172 1121 sorte
194 1058 270 1117 ducti
287 1079 302 1116 e
326 1059 493 1137 primoribus
513 1062 638 1120 civitatis
658 1081 727 1142 unus
748 1070 778 1121 &

59 1143 210 1225 -·viginti.
230 1140 361 1199 Tiberius
381 1141 564 1221 Drususque,
586 1150 613 1200 δι
635 1140 776 1203 Claudius

92 1232 121 1285 ὃ(
144 1223 334 1283 Germanicus
357 1221 533 1299 adjiciuntur.
550 1222 647 1281 Ludos
661 1224 778 1306 Augus·

91 1306 164 1365 tales
195 1324 262 1363 tunc
293 1300 414 1383 primilm
442 1323 535 1380 empta
564 1305 687 1363 turbavit
718 1306 777 1364 dis·
842 1309 852 1319 ‘

64 1451 67 1457 ,
92 1386 214 1457 cordia,
242 1406 277 1463 ex
304 1386 456 1445 certamine
482 1382 659 1443 histrionum,
677 1385 778 1445 Indul-

91 1488 168 1530 serat
189 1468 215 1525 ei
232 1466 340 1525 ludicro
358 1465 516 1549 AugustuS,
534 1466 601 1524 dum
622 1468 776 1529 Maecenati

90 1551 276 1629 obtemperat
283 1594 292 1620 ,
312 1544 401 1607 effuso
419 1550 448 1607 in
468 1568 596 1606 amorem
618 1545 743 1627 Bathylli
764 1571 778 1609 r

92 1653 187 1713 neque
214 1632 272 1709 ipse
291 1627 461 1688 abhorrebat
485 1631 588 1689 talibus
607 1626 725 1700 studiis,
746 1640 776 1691 dc

92 1715 180 1774 civile
200 1712 313 1771 rebatur
335 1712 442 1771 misceri
457 1710 651 1791 voluptatibus
667 1712 748 1794 vulgi
764 1734 775 1771 r

91 1798 152 1857 alia
177 1794 298 1852 Tiberio
325 1814 436 1851 morum
460 1795 507 1852 via
534 1792 608 1853 :sed
635 1795 776 1872 populum·

90 1899 143 1961 per
164 1896 208 1936 tot
225 1875 456 1943 armosmolliter
472 1872 624 1942 habitum,
644 1875 775 1936 nondum

91 1958 221 2026 audebat
231 1956 268 2017 ad
281 1956 392 2015 duriora
403 1976 516 2017 vertere.

134 2042 200 2101 LV.
216 2040 310 2099 Druso
330 2038 457 2109 Caesare,
476 2038 514 2098 C.
531 2036 672 2096 Norbano
687 2037 776 2099 Coss.

90 2124 252 2187 decernitur
265 2121 438 2181 Germanico
452 2117 627 2198 triumphus,
638 2139 773 2180 manente

89 2206 172 2267 bello
185 2227 194 2275 3
209 2202 287 2283 quod
298 2223 472 2283 quamquam
486 2203 515 2260 in
526 2199 647 2261 estatem
660 2219 773 2263 summa

90 2308 150 2369 ope
173 2286 311 2365 parabat,
328 2286 412 2344 initio
426 2285 513 2354 veris,
534 2285 722 2363 &repentino
740 2286 774 2345 iu

90 2370 201 2431 Cattos
221 2386 334 2425 excursu
350 2368 498 2445 praecepit:
514 2387 581 2424 narn
601 2384 662 2443 spes
679 2368 773 2425 inces-

40 2512 43 2519 ,
89 2470 167 2513 serat
182 2447 310 2509 dissidere
326 2444 435 2505 hostem
449 2449 478 2505 in
491 2448 654 2505 Arminium
669 2468 702 2504 ac
714 2448 769 2505 Se-

89 2532 218 2619 gesten,
248 2531 388 2611 insignem
423 2548 570 2607 utrumque
596 2524 712 2604 perfidiis
740 2529 772 2587 in

87 2636 166 2683 nos,
177 2634 225 2672 aur
234 2609 299 2670 fide.
308 2612 452 2670 Arminius
459 2608 586 2669 turbator
593 2608 753 2667 Germaniae
759 2631 772 2678 3

90 2692 222 2780 Segestes
239 2694 338 2768 parari
357 2691 528 2749 rebellionem
545 2710 613 2769 saepe
635 2688 723 2759 aliis,
744 2698 773 2749 δι

91 2798 228 2859 supremo
253 2775 416 2849 convivio,
440 2770 502 2853 post
528 2771 607 2855 quod
620 2772 667 2914 Cin
692 2792 773 2834 asma

141 2860 172 2919 T
168 2880 223 2920 om.
245 2857 272 2919 Ι.
529 2911 538 2925 ,
626 2925 629 2942 1
