2075 3659
242 294 498 365 Annnzwn
522 299 606 367 Lru.
632 298 682 365 H.
752 302 792 387 83

114 414 243 499 perfiigz
273 417 440 499 cognoscit,
474 419 602 479 dulceium
631 418 665 477 ab
692 417 796 479 Armi·

116 500 168 557 nio
178 500 267 557 locum
273 520 368 577 pugna
379 523 390 555 .-
402 500 562 559 convenisse
577 496 603 560 Er
614 501 688 557 alias
699 501 796 559 nacio-

115 602 168 639 nes
182 581 215 637 in
231 580 337 639 siloam
352 579 469 639 Herculi
484 603 613 650 sacrorn,
633 602 798 659 ausurosque

116 667 276 719 nocturnam
284 662 428 742 castranem
437 664 662 740 oppugnationem
676 688 685 720 :
698 660 797 725 habite

117 740 208 801 iudici
229 739 318 812 fides,
343 751 370 801 δι
396 741 580 802 cernebantur
601 745 700 825 ignes3
725 764 797 828 sug·

116 826 261 905 gressique
275 821 388 902 propiis
404 824 590 901 speculatores
605 870 614 894 ,
633 826 726 884 audiri
730 826 798 903 fre-

116 905 218 963 mitum
240 926 386 981 equorum,
411 903 636 983 immensique&
661 907 799 967 inconditi

71 1027 78 1037 .
117 985 241 1064 agminis
263 1007 404 1055 murmur,
422 986 549 1047 attulere.
569 986 660 1069 Igitur
682 991 799 1067 propin-

101 1088 179 1148 .quo
199 1086 316 1125 summe
334 1068 378 1124 sei
402 1066 585 1139 discrimine,
611 1070 800 1148 explorandos

118 1148 247 1207 rnilitum
267 1150 380 1207 animos
395 1168 491 1218 sutus,
510 1170 639 1231 quonam
660 1150 689 1209 id
706 1152 798 1212 modo

115 1230 312 1309 incorruptum
322 1227 514 1301 foret‚secum
527 1232 655 1313 agitabat
671 1254 679 1288 ι
698 1234 799 1291 Tribu-

111 1326 170 1371 'nos
183 1308 388 1371 &centuriones
397 1314 565 1385 lacasapius
574 1314 652 1389 quiem
664 1334 800 1389 comperta

117 1394 250 1452 nunciare
255 1415 268 1464 ,¹
279 1392 434 1452 libertorum
446 1394 566 1453 servilia
579 1395 691 1473 ingenia
696 1418 709 1467 ‚·
720 1397 798 1454 ami-

117 1476 162 1534 cis
176 1476 274 1534 inesse
289 1476 475 1535 adulationem
489 1500 499 1533 .·
515 1475 545 1533 si
563 1476 657 1535 concio
672 1494 800 1549 vocetur,

118 1557 183 1615 illic
200 1578 317 1633 quoque,
336 1578 393 1633 qua
406 1556 490 1631 perui
506 1556 664 1629 incipiant,
682 1558 800 1635 reliquos

117 1639 268 1717 adstrepere
279 1662 289 1695 .·
296 1638 408 1710 penitus
418 1640 568 1697 noscendas
584 1656 704 1709 mentes,
719 1660 800 1716 quum

118 1720 219 1777 secreti
232 1716 260 1779 fr
274 1719 446 1800 incustoditi,
464 1720 539 1779 incer
551 1721 686 1779 militaris
706 1722 779 1781 cibos
787 1766 799 1793 ,

117 1822 196 1874 spem
207 1819 256 1859 auc
265 1818 365 1858 metum
373 1802 534 1878 profirrent.

160 1881 245 1941 XIII.
263 1880 357 1940 Nodic
376 1902 489 1961 crepta,
510 1902 632 1965 egressus
651 1884 799 1966 augustin

75 2021 81 2030 ,
118 1982 170 2043 per
193 1963 305 2022 occulta
328 1972 356 2021 &
384 1964 518 2045 vigilibus
545 1965 660 2044 Ignara,
693 1964 800 2023 comite

119 2064 195 2115 uno,
215 2045 358 2103 cont'edius
378 2041 511 2103 humeros
526 2043 615 2103 ferina
631 2045 720 2122 pelle,
739 2044 801 2105 udis

117 2124 274 2187 castrorum
291 2127 370 2195 vias,
389 2123 497 2184 adsistit
511 2125 715 2195 tabernaculis,
735 2125 802 2185 frui·
819 2156 821 2169 ·

118 2226 222 2287 curque
235 2204 314 2265 fumi
325 2208 387 2265 sui:
402 2226 490 2286 quum
502 2203 734 2267 hicnobilicacem
745 2212 799 2267 du-

117 2291 163 2349 cis
178 2335 189 2357 ,
215 2292 334 2349 decorem
356 2289 448 2359 alins,
473 2289 587 2368 plurimi
609 2290 801 2363 patientiores

118 2371 294 2439 comitatem,
305 2391 356 2443 per
363 2372 457 2439 seria,
465 2392 517 2443 per
514 2372 596 2455 jocos
606 2374 726 2432 eumdem
737 2374 803 2429 ani-

117 2474 213 2522 τηιωι,
233 2450 363 2510 laudibus
376 2452 480 2512 ferrent
492 2474 502 2520 3
516 2455 724 2528 reddendamque
735 2474 802 2530 gra·

118 2535 194 2593 tiam
214 2533 244 2591 in
262 2533 320 2592 acie
342 2532 515 2600 faterentur3
535 2534 618 2591 simul
634 2535 753 2611 perfidos
773 2530 802 2591 fr

116 2632 245 2688 ereptores
255 2616 353 2688 pacis,
368 2616 471 2673 ultioni
484 2611 512 2673 i?
525 2614 619 2693 gloria
633 2616 800 2673 medaridus.

118 2696 200 2757 Inter
228 2716 290 2775 quae
318 2717 388 2755 unus
417 2693 540 2755 hostium
564 2696 674 2754 Latinae
698 2696 802 2776 liuguae

115 2778 228 2849 sciens,
240 2778 305 2853 neco
322 2777 360 2840 ad
370 2777 478 2838 vallum
490 2798 581 2860 equo,
592 2796 662 2843 uoce
677 2798 801 2860 magna,

602 2857 683 2938 va
