2075 3659
192 304 443 379 Annanmn
466 312 552 381 Lm.
578 310 629 385 H.
683 336 747 408 123

60 426 133 491 cula
156 450 270 511 :atquc
292 429 362 491 aiibi
384 430 534 525 anguiboe,
557 442 586 494 δι
612 435 753 514 profunda

61 511 194 574 nititudo
203 556 216 581 ,
229 512 314 574 nullis
327 514 531 593 inquirentium
550 519 647 598 spatiis
661 538 751 598 pene-

61 594 188 655 trabilis.
225 592 301 655 Exin
332 614 451 655 venunn
479 592 689 678 Elephantinen
717 622 752 663 ac

61 676 204 755 Syenen,
239 673 356 735 claustra
379 678 452 737 oiim
475 678 601 739 Romani
619 682 751 761 imperiis

60 754 147 838 quod
170 778 245 819 nunc
266 757 382 817 rubrum
402 760 439 818 ad
460 780 537 818 mare
557 764 682 840 patescit.

103 838 204 899 LXII.
223 838 303 903 Dum
321 860 354 898 ea
374 837 450 901 zstas
465 840 641 903 Germanico
662 845 753 924 plures

27 968 34 981 .
61 940 113 1000 per
134 921 297 999 provincias
315 922 501 1005 transigitur,
527 920 603 984 haud
622 924 684 985 leve
704 926 752 986 de-

59 1022 112 1062 cus
134 1002 246 1061 Drusus
265 1004 416 1083 quaesivit,
437 1006 567 1067 inliciens
587 1006 751 1070 Germanos

59 1083 100 1143 ad
117 1082 276 1145 discordias
291 1107 301 1154 3
318 1104 423 1165 utque,
437 1085 527 1147 stacio
540 1092 598 1166 jam
610 1088 752 1149 Marobo-

59 1164 122 1223 duo
131 1211 144 1234 ,
159 1186 179 1224 u
213 1184 248 1225 ue
258 1167 289 1225 in
299 1167 417 1226 exitium
427 1167 603 1229 insisteretur.
619 1170 690 1231 Erat
704 1173 751 1232 in·

61 1265 105 1306 ter
127 1186 285 1307 Goiiones
306 1248 412 1307 nobilis
429 1252 536 1324 juvenis
556 1254 673 1310 nornine
690 1252 752 1314 Ca-

60 1327 183 1399 tualda,
207 1327 342 1412 profugis
360 1330 434 1389 oiim
455 1333 486 1391 vi
507 1329 700 1403 Marobodui,
721 1344 750 1395 ει

60 1428 157 1479 runc,
179 1408 272 1471 dubiis
292 1410 375 1471 rebus
389 1416 467 1490 ejus,
491 1412 632 1473 ultionem
657 1434 748 1476 ausus.

59 1490 89 1551 Is
102 1490 207 1553 valida
223 1510 310 1551 manu
326 1489 395 1552 fines
412 1494 687 1554 Marcomannorum
706 1496 749 1555 in·

60 1573 212 1656 greditur,
235 1576 426 1655 corruptisque
449 1576 620 1654 primoribus
643 1575 680 1637 ad
700 1598 748 1636 so-

60 1656 222 1724 cietatem,
242 1656 382 1735 inrumpit
397 1657 527 1738 regiam,
548 1655 748 1801 castollumjue

60 1735 141 1815 juxti
156 1738 244 1797 sirum
260 1761 268 1794 ε
281 1756 387 1797 veteres
397 1737 456 1795 iilic
464 1739 620 1798 Suevorum
635 1760 688 1820 prro
708 1762 748 1815 ac,

61 1825 89 1877 &
114 1815 221 1879 nostris
246 1839 262 1877 e
285 1820 437 1899 provinciis
461 1820 526 1879 lixae
554 1842 587 1881 ac
614 1824 748 1905 negotia·

60 1916 136 1959 tores
160 1901 262 1981 reperti
274 1921 284 1969 3
308 1922 381 1981 quos
403 1906 445 1979 jus
468 1905 654 1972 commercii,
679 1904 747 2003 dein

60 1980 177 2123 nib
202 1981 554 2145 &diffie
574 1982 747 2128 {fibriis}

60 2140 198 2202 hostilem
219 2146 249 2203 in
269 2163 369 2225 agrum
387 2143 535 2205 transtulit.
626 2168 629 2173 ·

99 2224 255 2286 LXlll.
280 2224 467 2285 Maroboduo
486 2224 612 2308 undique
634 2226 745 2289 deserto

60 2328 121 2367 uon
143 2306 224 2369 aliud
245 2307 421 2380 subsidium,
442 2306 529 2390 quim
552 2310 746 2371 misericordia

62 2388 184 2449 Cesaris
196 2387 271 2449 fuit:
290 2410 471 2473 transgressus
486 2391 670 2463 Danubium,
709 2390 745 2453 ui

61 2467 206 2531 Noricam
219 2472 394 2550 provinciam
410 2474 547 2550 praefluit,
567 2475 677 2557 scripsit
687 2416 744 2533 3si-

62 2550 167 2622 borio,
189 2573 250 2613 non
265 2572 297 2612 ut
316 2552 400 2633 profu
439 2574 522 2613 saut
539 2554 673 2635 supplex,
695 2554 745 2615 sed

62 2653 95 2692 ex
114 2634 259 2693 memoria
281 2634 379 2714 prioris
398 2574 525 2695 dium
548 2636 625 2694 Nam
647 2637 745 2695 multis

62 2716 224 2775 nacionibus
240 2716 428 2774 clarissimum
446 2720 580 2794 quondam
604 2738 690 2795 regem
708 2718 747 2776 ad

62 2818 90 2856 se
108 2796 292 2869 vocatibus,
310 2796 465 2858 Rom
480 2799 745 2873 amiciriampmsu·

559 2880 583 2941 f
603 2881 623 2961 ij
