2075 3659
237 210 485 329 Annnrtun
509 260 595 327 Lm.
620 257 652 327 I.
692 323 697 338 x
746 278 785 351 55

108 378 257 440 renuens
270 401 319 439 sna
335 381 459 457 urentis,
476 379 607 460 expedita
625 398 690 439 cum
703 399 791 441 manu

109 462 143 522 L.
173 462 346 532 Stertinius,
367 462 454 521 missu
476 460 665 530 Germanici,
692 459 790 533 fudit3

108 544 240 623 interque
263 543 364 612 caedem
386 552 414 603 δι
431 542 553 623 praedam
575 544 677 622 reperit
702 542 792 603 unde·

106 626 249 685 vicesimae
261 624 383 707 legionis
396 624 523 705 aquilam
535 646 600 684 cum
612 624 694 685 Varo
704 626 792 683 amis·

106 727 179 765 sant.
214 706 342 765 Dudum
377 706 443 765 inde
468 727 574 789 agmen
602 706 640 765 ad
674 706 792 767 ultimos

105 786 304 847 Brucierorum
334 811 341 845 :
370 808 566 871 quantumque
595 788 738 847 Amisiam
763 797 792 849 δι

106 868 254 949 Luppiam
274 874 372 929 amnes
397 871 494 939 inter,
525 868 689 941 vastatum3
712 866 791 949 'haud

106 952 213 1031 procul
227 950 466 1034 Teutoburgiensi
486 952 575 1023 saltn,
602 953 632 1011 in
653 972 712 1033 quo
729 952 792 1010 reli·
837 994 841 1015 .

108 1035 183 1113 quiz
211 1034 283 1093 Vari
311 1033 514 1115 legionumque
543 1033 687 1115 insepultae
716 1032 791 1093 dice-

109 1114 224 1175 bantur.

149 1195 243 1255 LXI.
264 1195 355 1279 Igitur
380 1196 483 1275 cupido
510 1195 653 1257 Caesarem
679 1196 791 1257 invadit

108 1276 239 1337 solvendi
258 1298 385 1356 suprema
401 1278 557 1347 militibus,
576 1277 714 1359 ducique3
732 1298 792 1357 per·
870 1324 875 1342 t

107 1379 193 1421 moto
215 1358 252 1419 ad
276 1360 487 1419 miserationem
513 1360 594 1417 omni
621 1361 671 1441 qui
695 1358 792 1420 aderat

108 1444 256 1511 exercitu,
279 1440 318 1499 ob
343 1442 532 1521 propinquos,
558 1443 686 1509 amicos,
710 1440 792 1499 deni-

108 1543 164 1603 que
185 1522 225 1582 ob
248 1544 326 1581 casus
342 1522 504 1592 bellorum,
526 1530 555 1581 8(
573 1542 678 1582 sortem
698 1519 793 1581 homi·

108 1625 189 1663 num.
209 1604 353 1663 Praemisso
369 1603 484 1663 Caecind
498 1623 531 1663 ut
543 1604 655 1663 occulta
669 1604 791 1663 saltuum

107 1706 299 1755 scrutaretur,
318 1706 472 1766 pontesque
490 1694 651 1768 &aggeres
671 1682 791 1745 humido
807 1695 821 1720 N

108 1768 247 1847 paludum
265 1777 293 1827 δι
312 1766 460 1827 fallacibus
481 1771 588 1847 campis
607 1769 791 1851 imponeret,
860 1810 864 1817 -

107 1850 247 1911 incedunt
273 1847 386 1909 moestos
412 1850 510 1922 locos,
537 1852 654 1931 visuque
674 1872 707 1911 ac
734 1872 793 1911 me·

109 1932 202 1991 morib
230 1930 379 1992 deformes.
404 1930 499 1991 Prima
522 1933 596 1991 Vari
622 1929 709 1991 castra
730 1933 791 1993 lato

108 2014 239 2085 ambitu,
256 2022 283 2073 &
308 2012 442 2073 dimensis
465 2013 627 2093 principiis,
649 2016 735 2073 trium
754 2015 793 2073 le-

108 2098 231 2178 gionum
246 2116 346 2155 manus
359 2094 540 2153 ostentabant
554 2117 561 2151 :
576 2094 641 2154 dein
656 2097 792 2156 semiruto

107 2176 210 2247 vallo,
230 2174 332 2235 humili
352 2175 426 2236 fossa
438 2223 450 2245 ‚
471 2177 567 2235 accisa:
586 2181 646 2256 jam
667 2178 792 2258 reliquiae

108 2259 267 2319 consedisse
288 2258 549 2343 intelligebantur:
575 2259 670 2317 medio
698 2263 793 2341 campi

106 2342 238 2402 albentia
254 2363 335 2411 ossa,
352 2361 383 2401 ut
401 2340 554 2424 fugerant,
570 2361 602 2402 ut
614 2338 789 2412 restiterant,

107 2424 226 2503 disjedla
239 2424 285 2483 vel
296 2442 430 2506 aggerata
447 2445 452 2479 :
466 2422 634 2502 adjacebant
647 2422 791 2506 fragmina

106 2506 251 2575 telonrm,
271 2525 463 2586 equorumque
477 2524 567 2573 artus,
588 2505 672 2564 simul
686 2507 791 2564 truncis

106 2588 244 2647 arborum
259 2584 540 2656 antefixaora31ueis
554 2588 717 2665 propinquis
727 2586 790 2644 bar·

107 2668 183 2727 bara:
191 2688 258 2739 arae,
271 2667 348 2748 apud
358 2688 427 2747 quas
437 2668 579 2737 tribunos,
592 2669 790 2746 septimorum

105 2750 245 2811 ordinum
280 2750 457 2811 centuriones
492 2752 695 2813 mannaan,
724 2772 731 2805 ι
761 2757 790 2808 &

627 2828 698 2891 Civ
