2075 3659
211 294 461 365 AurtArrurc
486 297 569 364 Lm.
599 296 644 366 V.
697 319 785 392 273.

83 418 234 500 missaeque
264 419 314 477 in.
327 416 516 500 Agrippinam
539 439 585 478 -ac
618 417 766 480 Neronem

82 502 202 571 littera,
248 521 297 559 uas
317 498 425 579 pridem
448 499 556 558 adlatas
577 508 605 560 &
626 497 767 561 cohibitas

83 582 125 642 ab
147 521 276 665 Augdin
299 579 418 640 credidit
440 581 541 665 vulgus
562 603 569 636 ε
589 577 666 640 haud
689 583 767 642 enim

84 665 220 722 multum
234 660 296 743 post
317 683 438 722 mortem
466 668 524 743 eJus
545 662 666 723 recitata
692 683 767 724 sunt.

83 744 187 827 Verba
215 745 325 806 inerant
353 742 469 826 quaesitd
494 746 641 824 asperitate
674 767 681 800 :
719 744 768 806 sed
802 803 807 812 ,

83 847 147 888 non
164 846 262 898 arma,
282 848 342 885 non
358 847 450 885 tetum
468 846 607 886 novarum
626 823 767 900 studium3

84 929 196 967 amores
213 909 371 988 juvenum,
399 905 650 982 &impudicitiam
671 911 771 996 nepoti

86 988 252 1068 objectabat
273 1011 281 1044 ι
300 991 332 1048 in
349 1009 450 1048 numm
468 1010 504 1048 ne
520 989 551 1049 id
569 989 684 1070 quidem
701 1011 768 1051 con·

86 1067 197 1152 fingere
223 1091 324 1141 austes,
349 1072 539 1150 adrogantiam
563 1073 621 1130 on's
649 1069 676 1132 θ
701 1093 769 1132 cort·

87 1171 224 1211 tumorem
242 1153 364 1210 animum
382 1154 539 1223 incusavit,
559 1174 669 1236 magno
687 1173 770 1215 sena-

88 1231 135 1292 tris
153 1253 257 1313 pavore
271 1253 304 1293 ac
321 1233 433 1294 silentio
451 1257 458 1291 t
475 1233 567 1293 donec
585 1236 684 1314 pauci,
705 1237 771 1316 quis

87 1313 170 1376 nulla
194 1335 228 1387 ex
254 1311 371 1374 honesto
391 1335 469 1395 spes,
490 1319 546 1386 (δι
562 1315 674 1394 publica
692 1316 771 1376 mala

88 1397 210 1478 singuiis
229 1398 260 1456 in
276 1398 457 1455 occasionem
481 1397 577 1478 gratiae
595 1393 772 1472 trahuntur)

88 1495 124 1535 ut
153 1479 296 1555 refhrrctur
323 1474 527 1556 postulavere,
559 1477 772 1557 promptissimo

83 1558 187 1620 Cotta
210 1559 377 1620 Messallino
406 1579 472 1618 cum
493 1559 583 1619 atroci
606 1560 742 1618 sententia
761 1581 773 1619 e

89 1639 143 1700 sed
162 1641 224 1700 aliis
238 1662 254 1700 a
266 1639 454 1719 primoribus,
471 1640 651 1720 maximeque
668 1661 685 1699 a
702 1661 770 1700 ma·

91 1719 255 1806 gistratibus
268 1720 458 1801 trepidabatut
475 1746 482 1779 ε
501 1723 605 1804 quippe
620 1721 774 1795 Tiberius,

90 1805 147 1864 etsi
167 1802 275 1864 infense
292 1804 437 1874 invectus,
456 1822 546 1865 cetera
557 1803 704 1887 ambigua
722 1825 773 1864 re-

89 1885 223 1967 liquerat

135 1967 203 2029 IV.
229 1967 294 2027 Fuit
318 1969 350 2026 in
379 1985 477 2026 senatu
498 1967 597 2026 Junius
623 1964 776 2040 Rusticus„¹

93 2047 303 2129 componendis
320 2066 430 2126 patrum
447 2048 516 2106 actis
534 2047 655 2107 detectus
670 2069 687 2106 a
701 2046 774 2108 Cae*

89 2151 172 2201 sare,
188 2127 280 2208 obque
299 2127 498 2188 meditationes
516 2133 574 2206 ejus
597 2129 777 2208 introspicere

93 2211 220 2270 creditus
240 2232 245 2265 :
266 2209 290 2268 is
311 2207 392 2268 fatali
412 2208 539 2291 quodam
560 2229 641 2270 motu
662 2215 777 2291 (neque

94 2294 177 2353 enim
200 2290 267 2350 ante
288 2293 431 2370 specimen
454 2289 616 2352 constantiae
638 2289 777 2368 dederat)

93 2396 146 2434 seu
174 2370 260 2453 pravi
285 2371 417 2444 solertia,
445 2372 534 2445 dum,
563 2375 776 2434 imminentium

95 2456 221 2526 oblitus,
238 2454 343 2514 incerta
354 2473 455 2535 pavet,
468 2457 585 2516 inserere
600 2475 628 2515 se
640 2455 777 2515 dubitan-

95 2537 195 2607 tibus,
220 2557 253 2594 ac
272 2550 387 2596 monete
411 2535 536 2596 consules
562 2537 778 2596 titulationem

97 2620 250 2692 inciperent
278 2641 288 2675 .·
313 2615 538 2696 disserebatque,
568 2617 693 2677 breuibus
717 2638 777 2674 mo*-

97 2697 780 2775 mentissummavertiposse,quandoqueGerma-

98 2781 174 2842 tricis
189 2780 551 2856 titiscmpoenitcntiaesenis.
562 2779 653 2922 Siffss
661 2777 781 2859 populus

639 2881 658 2922 v
