2075 3659
236 288 306 379 25'4
360 288 394 357 C.
425 290 569 357 Coun,
601 290 795 359 Tacrrr

235 428 331 468 tamen
354 408 426 469 caede
449 414 506 487 ejus
526 426 653 489 patrata,
677 432 725 469 sex
748 409 844 491 postea
868 434 916 472 an·

236 508 289 549 nos
320 493 378 570 pari
400 510 505 550 secreto
541 493 716 569 conjunxit,
753 494 919 574 plerumque

236 592 420 651 permoveor,
442 592 511 631 num
530 572 567 631 ad
590 574 683 651 ipsum
703 572 801 632 referri
828 578 920 635 verim

235 654 290 722 sit,
314 656 447 713 sevitiam
467 666 501 711 'ac
522 653 696 724 libidinem,
720 676 811 735 quum
835 655 918 715 fastis

235 754 395 813 promeret,
422 735 492 793 locis
522 735 721 795 occultantem.
748 737 842 795 Erant
869 739 919 817 qui

235 816 376 877 crederent
411 817 441 875 in
469 820 618 895 senestute.
643 818 767 895 corporis
805 838 921 904 quoque
1010 868 1011 878 ,

235 893 365 957 habitum
379 898 479 977 pudori
493 897 578 976 fuisse
595 920 602 953 ε
616 900 721 978 quippe
732 898 776 956 illi
791 920 917 982 praegra-

235 980 315 1049 cilis,
335 990 362 1040 δε
381 982 494 1039 incurva
513 982 680 1059 proceritas,
698 979 791 1038 nudus
813 981 919 1059 capillo

235 1079 354 1141 uerter,
385 1062 509 1120 ulcerosa
536 1060 621 1119 facies
641 1106 652 1132 ,
683 1082 716 1119 ae
752 1062 919 1143 plerumque

236 1141 471 1206 medicaminibus
489 1141 660 1201 interstincta
679 1164 687 1197 τ
707 1147 735 1201 &
754 1141 856 1202 Rhodi
873 1164 920 1203 se-

176 1250 178 1255 .
236 1242 332 1293 creto,
355 1224 442 1281 vitare
465 1242 573 1294 coetus,
599 1222 749 1281 recondere
778 1226 915 1304 volupta-

166 1344 168 1349 s
236 1322 276 1363 res
293 1306 420 1365 insuerat.
444 1304 578 1364 Traditur
599 1306 686 1363 etiam
706 1306 807 1365 matris
825 1309 918 1385 impo·

236 1382 324 1445 t'untid
345 1406 506 1457 extrusum,
524 1406 612 1467 quam
631 1385 840 1461 dominationis
865 1408 915 1446 so-

236 1468 310 1526 ciam
330 1467 569 1547 adspernabatur‚
591 1488 682 1548 neque
703 1467 846 1546 depellere
865 1489 918 1548 po«

235 1565 322 1618 terat,
342 1570 429 1629 quum
449 1548 675 1630 dominationem
696 1550 788 1628 ipsam
810 1550 919 1609 donum

236 1634 294 1707 ejus
308 1633 465 1711 accepisset.
482 1631 561 1691 Nam
580 1630 757 1690 dubitaverat
775 1630 919 1715 Augustus

238 1710 441 1770 Germanicum
469 1715 570 1771 sororis
591 1717 742 1791 nepotem,
764 1721 792 1772 &
812 1716 919 1773 cuneus

236 1792 410 1863 laudatum,
431 1794 470 1850 rei
496 1794 634 1853 Romana
657 1795 806 1872 imponere
834 1818 842 1849 τ
872 1792 919 1853 sed

236 1874 363 1954 precibus
384 1876 476 1933 uxoris
499 1877 623 1944 evidbus,
648 1874 770 1932 Tiberio
789 1875 918 1935 Germa·

238 1956 355 2027 uicum,
371 1957 426 2015 sibi
441 1956 592 2015 Tiberium
608 1954 744 2015 adscivit:
760 1955 849 2037 idque
859 1957 922 2015 Au-

240 2034 319 2118 gusta
333 2038 536 2117 exprobrabat,
548 2038 719 2118 reposcebat.

284 2119 391 2178 LVIII.
420 2118 563 2179 Profedbio
590 2136 651 2177 arto
674 2120 812 2176 comitatu
836 2117 921 2177 fuitt

238 2219 309 2259 unus
327 2220 437 2261 senator
453 2202 599 2259 consulatu
621 2198 754 2269 funerus,
775 2198 921 2259 Cocceius

238 2280 354 2351 Nerva,
374 2284 418 2340 cui
440 2282 537 2363 legum
561 2281 679 2361 periiia3
736 2300 785 2339 ues
800 2280 917 2340 Romu·

238 2382 310 2433 nus,
325 2380 420 2441 praeter
437 2363 588 2441 Sejanum,
611 2382 645 2421 ex
662 2363 703 2421 inl
759 2362 821 2421 ‘bus
840 2363 920 2423 Cur-

196 2508 198 2513 ,
240 2444 293 2503 tius
308 2444 418 2503 Atticus
434 2466 441 2500 t
459 2447 542 2503 ceteri
561 2444 722 2505 liberalibus
738 2442 837 2502 studiis
853 2464 920 2523 prae·

240 2524 311 2596 diri,
340 2524 427 2585 ferme
451 2526 568 2597 Graeci,
591 2546 712 2606 quorum
740 2525 921 2605 sermonibus

239 2607 384 2673 levaretur.
413 2609 551 2667 Ferebant
575 2609 655 2687 periti
682 2604 858 2675 coelestium,
879 2606 922 2664 iis

240 2690 357 2748 motibus
367 2690 485 2749 siderum
496 2690 644 2748 excessisse
653 2688 741 2746 Romd
757 2687 918 2757 Tiberium,

1015 2665 1017 2708 Ι

1015 2719 1017 2762 l

240 2788 271 2829 ur
285 2773 387 2832 reditus
405 2773 452 2832 illi
467 2790 634 2850 negaretur:
652 2769 726 2831 unde
741 2769 821 2829 exitii
833 2788 919 2828 cauae
1012 2787 1015 2897 p
