2075 3659
237 285 486 363 Annnrruu
509 294 595 363 Lrs.
620 294 671 363 ΙΙ.
730 318 791 386 115

99 407 195 471 chios
221 407 299 472 haud
325 415 511 494 spernendam
528 418 676 475 nationem
701 417 732 475 in
753 438 806 477 ea·-

111 491 204 561 dem3
229 512 319 574 quum
345 497 443 557 Furius
472 496 616 559 Camillus
648 500 798 578 proconsul

110 573 243 645 Africa,
263 574 407 658 legionem
425 587 454 639 bc
474 578 554 659 quod
576 578 627 639 sub
648 580 736 661 signis
754 600 799 638 so-

112 658 247 726 ciorum,
269 658 300 717 in
323 679 412 718 unum
441 660 597 721 condolios
623 658 660 719 ad
688 656 798 720 hostem

112 736 217 797 duxit:
234 739 380 799 modicam
398 762 531 812 manum,
545 743 569 801 si
586 740 797 801 multitudinem

112 818 311 879 Numidarum
334 842 420 903 atque
437 811 611 882 Maurorum
634 826 797 902 spetiares:

106 900 166 959 -sed
185 898 258 959 nihil
278 903 544 1041 apuleavebatnr,
569 900 656 984 quim
680 924 715 963 ne
736 903 798 963 bel-

112 981 180 1041 lum
196 1003 276 1043 metu
296 983 440 1044 cuderent
457 1006 529 1065 :spe
546 986 672 1045 ristona·
690 983 799 1047 inducti

112 1084 202 1134 sunt,
219 1084 251 1125 ut
272 1066 456 1125 vincerentur.
476 1066 568 1149 Igitur
583 1066 661 1147 legio
681 1066 797 1139 medio,

113 1144 193 1205 leves
221 1143 373 1217 cohortes,
395 1146 511 1228 duxque
538 1148 587 1207 alx
612 1148 642 1206 in
665 1148 797 1209 cornibus

115 1227 247 1287 locantur
267 1250 274 1284 ε
294 1249 346 1287 nec
366 1228 534 1289 Tacfarinas
552 1249 679 1311 pugnarn
693 1229 799 1291 detrec-

117 1311 218 1370 tavit:
237 1308 293 1370 fusi
312 1310 467 1379 Numidae,
486 1309 647 1390 multosque
668 1308 729 1389 post
749 1333 798 1371 an·

115 1401 173 1451 nos
183 1391 268 1449 Furio
282 1412 394 1471 partum
408 1391 491 1451 deors
507 1391 617 1450 militiae
631 1413 637 1447 ε
653 1412 721 1449 nam
737 1390 799 1471 post

117 1472 202 1532 illum
222 1474 435 1553 reciperatorem
454 1473 549 1543 urbis,
572 1469 717 1552 filiumque
740 1478 799 1552 ejus

118 1553 303 1624 Camillum,
319 1575 402 1634 penes
423 1554 493 1613 alias
510 1550 635 1613 familias
649 1555 800 1633 imperato-

118 1636 163 1695 ria
177 1635 236 1694 laus
249 1633 351 1697 suerat.
366 1636 463 1715 Atque
476 1632 544 1705 hic,
563 1654 648 1714 quem
661 1654 799 1694 memora-

57 1794 61 1799 v
118 1736 207 1785 mus,
228 1716 369 1775 bellorum
382 1735 476 1796 expers
491 1713 649 1776 habebatur
664 1738 670 1772 ι
686 1714 721 1774 eb
737 1734 800 1795 pro-

112 1800 185 1857 -nior
203 1797 334 1857 Tiberius
351 1818 394 1857 res
411 1795 501 1880 gestas
518 1796 594 1877 apud
610 1816 737 1857 senatum
757 1814 800 1857 ce-

110 1880 242 1941 lebrarit
262 1902 270 1937 ε
291 1888 320 1938 &
341 1879 484 1937 decrevere
504 1898 596 1959 patres
617 1876 799 1957 triumphalia

118 1963 263 2045 insignia:
274 1961 353 2041 quod
364 1960 493 2021 Camillo
504 1960 544 2019 ob
559 1957 727 2019 modestiam
736 1961 800 2019 vitae

118 2043 239 2122 impunc
252 2042 317 2119 fuit.

164 2124 243 2185 LIII.
266 2126 393 2205 Sequens
413 2142 503 2182 annus
523 2119 672 2181 Tiberium
695 2117 799 2190 tertii),

121 2207 328 2268 Germanicum
342 2208 443 2269 iterum
463 2202 589 2263 consules
608 2198 708 2262 habuit
727 2225 734 2259 :
753 2200 801 2261 sed

121 2310 189 2348 eum
211 2285 350 2346 honorem
373 2286 559 2347 Germanicus
577 2284 641 2344 iniit
660 2282 735 2363 apud
753 2304 800 2342 ur-

121 2370 191 2429 bem
209 2366 325 2429 Achaiae
343 2367 528 2448 Nicopolim,
545 2362 604 2447 quir
620 2384 734 2425 venerat
754 2386 801 2448 per

118 2451 268 2530 Illyricam
280 2470 378 2521 oram,
393 2452 456 2509 viso
469 2448 553 2509 fratre
567 2448 661 2507 Druso
674 2448 705 2505 in
721 2436 799 2505 Dal-

120 2535 216 2594 matia
233 2555 251 2592 a
272 2552 358 2602 ente,
379 2530 561 2599 Hadriatici,
582 2548 615 2587 ac
633 2549 702 2587 mox
725 2527 802 2585 Ionii

122 2617 210 2677 maris
230 2554 377 2675 altercant
399 2612 613 2693 navigationem
629 2628 800 2689 perpessus:

122 2698 213 2779 igitur
242 2716 347 2775 paucos
380 2692 438 2753 dics
468 2692 616 2784 insumpsit
647 2687 802 2748 reficiendae

124 2780 209 2841 classi
224 2801 230 2837 ε
242 2777 326 2841 simul
336 2776 412 2837 sinus
419 2772 538 2836 Actiaca
546 2770 665 2835 vrstorii
673 2770 800 2842 inclitos,
