2075 3659
257 307 328 373 234
385 286 599 355 accitu.
631 286 849 354 Tucim

255 406 340 465 aliud*
354 405 472 466 dilictor
496 409 601 477 Cacsar,
622 404 702 482 quim
719 406 868 479 rescripta
891 424 943 461 om

257 488 352 556 tione,
374 488 450 545 velut
471 490 545 561 apud
552 488 663 567 judices
681 487 864 561 respondit?
887 484 942 543 Λή-

257 568 330 625 tonii
350 568 483 647 epistole,
505 567 591 627 Bruti
605 568 766 639 conciones,
781 568 880 645 falsa
896 566 947 643 qui·

256 651 316 708 dem
341 648 372 706 in
389 647 538 731 Augustum
553 649 675 724 probra,
699 652 751 709 sed
769 650 872 707 multa
894 668 947 704 cunt

256 728 404 789 acerbitate
414 729 511 789 habent
526 755 537 789 .·
550 732 676 790 carmina
691 730 835 789 Bibaculi
849 726 880 789 lt
897 730 947 787 ca-

258 812 345 881 tulli,
372 811 470 889 refhrte
491 813 665 884 contumeliis
688 815 832 871 Cusarum
857 812 949 888 Iegem-

260 911 307 951 tur
324 917 333 951 .·
348 896 398 952 sed
413 894 470 967 ipse
486 894 569 955 divus
584 894 677 953 Julius
687 940 696 964 ,
708 894 771 966 ipsc
782 894 878 954 divus
890 890 950 949 Au-

218 1020 222 1023 .
255 976 365 1054 gustus,
392 970 521 1034 &tulere
545 976 614 1056 istu,
641 972 668 1033 ἃ
692 974 827 1051 reliquere
837 997 856 1046 ‚·
879 972 953 1029 ltaud

252 1054 342 1133 focile
363 1055 502 1125 dixerim,
524 1056 708 1129 moderatione
725 1058 819 1135 magis
841 1077 885 1113 an
905 1074 953 1111 sa-

254 1135 367 1211 pientid
379 1161 389 1195 :
405 1159 517 1215 namque
533 1156 627 1211 spreta
641 1138 800 1196 exolescunt
810 1160 819 1194 t
830 1138 865 1196 si
874 1137 950 1193 iras·

260 1238 357 1286 stare,
379 1220 493 1296 adgnita
516 1220 654 1280 videntur.

249 1296 253 1305 ’
302 1298 429 1359 XXXV.
456 1300 523 1360 Non
544 1302 651 1378 attingo
675 1300 788 1359 Grncos
805 1346 816 1369 ‚
835 1320 951 1378 quorum

261 1403 316 1441 non
331 1381 409 1441 modi
429 1381 559 1451 libertas,
578 1383 661 1440 etiam
677 1382 764 1440 libido
784 1382 949 1456 impunita:

263 1478 312 1521 aut
321 1508 333 1531 ,
346 1462 375 1521 si
391 1464 453 1540 quis
470 1465 609 1531 advertit,
621 1464 702 1522 ditiis
716 1465 793 1521 dida
806 1465 884 1522 ultus
904 1462 946 1543 e'jl

263 1543 322 1603 Sed
338 1542 457 1603 maximi²
479 1545 621 1615 solutum,
642 1540 749 1604 &sine
769 1544 949 1604 obtrellutore

257 1624 345 1703 fuit,
361 1628 473 1699 prodere
494 1626 526 1683 de
547 1625 608 1694 iis,
631 1648 697 1702 quos
721 1647 798 1683 mors
817 1628 882 1685 odio
902 1642 948 1682 aut

261 1706 358 1783 gratie
373 1706 527 1773 ctcemisset.
546 1705 622 1764 Num
634 1729 693 1765 cum
709 1709 830 1765 armatis
852 1706 948 1767 Cassio

267 1783 293 1845 δ’
309 1786 416 1857 Bruto,
437 1809 468 1845 ac
482 1786 676 1861 Philippenses
694 1810 806 1861 compos
824 1788 947 1846 obtinen-

265 1866 356 1939 tibus,
369 1868 436 1927 belli
451 1868 548 1927 ciuilis
562 1872 664 1939 cuusd,
676 1870 808 1941 populum
819 1892 874 1943 per
888 1888 948 1928 con·

265 1950 357 2008 tiones
382 1951 520 2009 incendo?
546 1972 583 2007 an
606 1951 653 2007 illi
671 1951 778 2026 quidem
798 1969 945 2030 septuage-

266 2032 368 2089 simum
380 2049 442 2090 ante
456 2053 557 2089 annum
565 2032 698 2105 perempti
702 2038 773 2107 ,quo
785 2035 867 2091 modo
878 2034 949 2089 ima·

264 2114 375 2190 ginilus
390 2113 451 2171 suis
470 2131 632 2183 noscuntur,
648 2135 714 2189 quas
728 2136 762 2171 ne
780 2114 947 2191 viliorqui·

265 2196 326 2251 dem
352 2192 494 2262 abolevit,
520 2195 563 2252 sic
578 2212 687 2267 portem
713 2196 851 2253 memoria
879 2196 952 2270 apud

266 2275 411 2346 scriptores
431 2276 572 2333 retinent?
585 2298 664 2333 suum
681 2276 774 2351 cuique
787 2279 869 2334 decus
881 2299 949 2349 pose

268 2354 365 2413 teritus
381 2356 501 2429 rependit
518 2381 529 2413 .·
548 2379 596 2415 nec
610 2360 739 2424 deerunt,
760 2358 789 2414 si
804 2359 950 2415 damnatio

266 2435 393 2515 ingruit,
411 2437 458 2513 qui
469 2459 524 2495 non
536 2438 614 2496 modi
632 2439 725 2497 Cassii
738 2433 766 2495 ξ)
777 2438 884 2507 Bruti,
902 2440 953 2497 sed

267 2518 352 2576 etiam
360 2518 414 2576 mei
420 2519 601 2577 meminerint.
614 2515 820 2594 Egressusdein
829 2540 928 2579 senatu
936 2564 949 2588 ‚

267 2601 365 2659 -vitam-
377 2598 544 2659 abstinenti&
560 2584 657 2659 finivi?
667 2624 673 2657 :
693 2600 784 2659 libros
796 2622 848 2680 per
859 2600 951 2661 aediles

270 2680 434 2741 cremandos
454 2703 583 2741 censuere
597 2702 688 2761 patres
697 2704 707 2751 3
726 2680 774 2741 sed
788 2702 952 2742 mansemnt

270 2764 425 2835 occultati,
445 2771 471 2825 &
493 2762 572 2825 editi.
592 2761 661 2841 Quo
676 2765 768 2848 magis
789 2764 949 2825 socordiam
