<?xml version="1.0" encoding="UTF-8"?>
<!DOCTYPE html PUBLIC "-//W3C//DTD XHTML 1.0 Transitional//EN"
    "http://www.w3.org/TR/xhtml1/DTD/xhtml1-transitional.dtd">
<html xmlns="http://www.w3.org/1999/xhtml" xml:lang="en" lang="en">
 <head>
  <title>
</title>
<meta http-equiv="Content-Type" content="text/html;charset=utf-8" />
  <meta name='ocr-system' content='tesseract 3.04.00' />
  <meta name='ocr-capabilities' content='ocr_page ocr_carea ocr_par ocr_line ocrx_word'/>
</head>
<body>
  <div class='ocr_page' id='page_1' title='image "./ccorneliitaciti02lallgoog_0148.png"; bbox 0 0 2075 3659; ppageno 0'>
   <div class='ocr_carea' id='block_1_1' title="bbox 250 278 802 378">
    <p class='ocr_par' dir='ltr' id='par_1_1' title="bbox 250 278 802 378">
     <span class='ocr_line' id='line_1_1' title="bbox 250 278 802 378; baseline -0.011 -30"><span class='ocrx_word' id='word_1_1' title='bbox 250 287 319 348; x_wconf 86' lang='lat'>116</span> <span class='ocrx_word' id='word_1_2' title='bbox 371 281 408 348; x_wconf 81' lang='lat' dir='ltr'>c.</span> <span class='ocrx_word' id='word_1_3' title='bbox 437 279 583 348; x_wconf 78' lang='lat' dir='ltr'>cortu.</span> <span class='ocrx_word' id='word_1_4' title='bbox 615 278 802 378; x_wconf 12' lang='lat' dir='ltr'>Tancrrr</span> 
     </span>
    </p>
   </div>
   <div class='ocr_carea' id='block_1_2' title="bbox 246 395 930 2833">
    <p class='ocr_par' dir='ltr' id='par_1_2' title="bbox 248 395 930 1269">
     <span class='ocr_line' id='line_1_2' title="bbox 248 395 928 482; baseline -0.001 -23"><span class='ocrx_word' id='word_1_5' title='bbox 248 409 275 459; x_wconf 79' lang='grc' dir='ltr'>δι</span> <span class='ocrx_word' id='word_1_6' title='bbox 306 419 425 460; x_wconf 87' lang='lat' dir='ltr'>sacratas</span> <span class='ocrx_word' id='word_1_7' title='bbox 451 399 488 457; x_wconf 87' lang='lat' dir='ltr'>ab</span> <span class='ocrx_word' id='word_1_8' title='bbox 515 395 643 482; x_wconf 80' lang='lat' dir='ltr'>Augusto</span> <span class='ocrx_word' id='word_1_9' title='bbox 671 396 839 467; x_wconf 83' lang='lat' dir='ltr'>manubias,</span> <span class='ocrx_word' id='word_1_10' title='bbox 866 413 928 458; x_wconf 76' lang='lat' dir='ltr'>tas·</span> 
     </span>
     <span class='ocr_line' id='line_1_3' title="bbox 248 479 927 560; baseline -0.006 -20"><span class='ocrx_word' id='word_1_11' title='bbox 248 501 346 560; x_wconf 84' lang='lat' dir='ltr'>traque</span> <span class='ocrx_word' id='word_1_12' title='bbox 372 482 496 540; x_wconf 84' lang='lat' dir='ltr'>Antonii</span> <span class='ocrx_word' id='word_1_13' title='bbox 525 501 589 537; x_wconf 90' lang='lat' dir='ltr'>cum</span> <span class='ocrx_word' id='word_1_14' title='bbox 613 479 807 538; x_wconf 80' lang='lat' dir='ltr'>recordatione</span> <span class='ocrx_word' id='word_1_15' title='bbox 829 485 927 557; x_wconf 83' lang='lat' dir='ltr'>majo-</span> 
     </span>
     <span class='ocr_line' id='line_1_4' title="bbox 248 560 930 640; baseline -0.001 -20"><span class='ocrx_word' id='word_1_16' title='bbox 248 582 311 620; x_wconf 91' lang='lat' dir='ltr'>rum</span> <span class='ocrx_word' id='word_1_17' title='bbox 324 580 437 622; x_wconf 87' lang='lat' dir='ltr'>suorum</span> <span class='ocrx_word' id='word_1_18' title='bbox 456 560 528 620; x_wconf 86' lang='lat' dir='ltr'>adiit</span> <span class='ocrx_word' id='word_1_19' title='bbox 544 584 550 616; x_wconf 92' lang='lat'><strong>:</strong></span> <span class='ocrx_word' id='word_1_20' title='bbox 565 579 689 640; x_wconf 86' lang='lat' dir='ltr'>namque</span> <span class='ocrx_word' id='word_1_21' title='bbox 703 562 747 629; x_wconf 89' lang='lat' dir='ltr'>ei,</span> <span class='ocrx_word' id='word_1_22' title='bbox 766 579 799 620; x_wconf 93' lang='lat' dir='ltr'>ut</span> <span class='ocrx_word' id='word_1_23' title='bbox 816 579 930 619; x_wconf 89' lang='lat' dir='ltr'>memo-</span> 
     </span>
     <span class='ocr_line' id='line_1_5' title="bbox 248 640 927 724; baseline 0 -24"><span class='ocrx_word' id='word_1_24' title='bbox 248 644 329 712; x_wconf 87' lang='lat' dir='ltr'>ravi,</span> <span class='ocrx_word' id='word_1_25' title='bbox 364 642 516 702; x_wconf 86' lang='lat' dir='ltr'>avunttdus</span> <span class='ocrx_word' id='word_1_26' title='bbox 542 640 703 724; x_wconf 80' lang='lat' dir='ltr'>Augustus,</span> <span class='ocrx_word' id='word_1_27' title='bbox 732 657 800 700; x_wconf 85' lang='lat' dir='ltr'>avus</span> <span class='ocrx_word' id='word_1_28' title='bbox 828 643 927 701; x_wconf 87' lang='lat' dir='ltr'>Anto-</span> 
     </span>
     <span class='ocr_line' id='line_1_6' title="bbox 249 723 927 805; baseline 0 -23"><span class='ocrx_word' id='word_1_29' title='bbox 249 724 312 782; x_wconf 82' lang='lat' dir='ltr'>niu&#39;s</span> <span class='ocrx_word' id='word_1_30' title='bbox 335 743 435 792; x_wconf 88' lang='lat' dir='ltr'>erant,</span> <span class='ocrx_word' id='word_1_31' title='bbox 463 743 624 805; x_wconf 83' lang='lat' dir='ltr'>magnaque</span> <span class='ocrx_word' id='word_1_32' title='bbox 651 723 708 780; x_wconf 87' lang='lat' dir='ltr'>illic</span> <span class='ocrx_word' id='word_1_33' title='bbox 734 723 834 804; x_wconf 85' lang='lat' dir='ltr'>imago</span> <span class='ocrx_word' id='word_1_34' title='bbox 864 725 927 782; x_wconf 83' lang='lat' dir='ltr'>tris-</span> 
     </span>
     <span class='ocr_line' id='line_1_7' title="bbox 252 799 928 884; baseline -0.001 -21"><span class='ocrx_word' id='word_1_35' title='bbox 252 806 324 863; x_wconf 90' lang='lat' dir='ltr'>tium</span> <span class='ocrx_word' id='word_1_36' title='bbox 342 805 534 884; x_wconf 79' lang='lat' dir='ltr'>latorumque.</span> <span class='ocrx_word' id='word_1_37' title='bbox 550 803 629 862; x_wconf 84' lang='lat' dir='ltr'>Hinc</span> <span class='ocrx_word' id='word_1_38' title='bbox 645 821 762 862; x_wconf 90' lang='lat' dir='ltr'>ventum</span> <span class='ocrx_word' id='word_1_39' title='bbox 775 799 928 875; x_wconf 82' lang='lat' dir='ltr'>Athenas,</span> 
     </span>
     <span class='ocr_line' id='line_1_8' title="bbox 250 882 927 965; baseline 0 -23"><span class='ocrx_word' id='word_1_40' title='bbox 250 885 405 965; x_wconf 82' lang='lat' dir='ltr'>foederique</span> <span class='ocrx_word' id='word_1_41' title='bbox 426 888 507 944; x_wconf 82' lang='lat' dir='ltr'>socia</span> <span class='ocrx_word' id='word_1_42' title='bbox 526 893 553 943; x_wconf 91' lang='lat'>&amp;</span> <span class='ocrx_word' id='word_1_43' title='bbox 572 882 683 944; x_wconf 79' lang='lat' dir='ltr'>verullae</span> <span class='ocrx_word' id='word_1_44' title='bbox 706 884 782 942; x_wconf 89' lang='lat' dir='ltr'>urbis</span> <span class='ocrx_word' id='word_1_45' title='bbox 805 883 927 956; x_wconf 88' lang='lat' dir='ltr'>datum,</span> 
     </span>
     <span class='ocr_line' id='line_1_9' title="bbox 249 963 928 1044; baseline 0 -20"><span class='ocrx_word' id='word_1_46' title='bbox 249 982 281 1024; x_wconf 85' lang='lat' dir='ltr'>ut</span> <span class='ocrx_word' id='word_1_47' title='bbox 308 987 366 1024; x_wconf 89' lang='lat' dir='ltr'>uno</span> <span class='ocrx_word' id='word_1_48' title='bbox 390 966 488 1025; x_wconf 70' lang='lat' dir='ltr'>littore</span> <span class='ocrx_word' id='word_1_49' title='bbox 509 985 640 1024; x_wconf 60' lang='lat' dir='ltr'>uteretur«</span> <span class='ocrx_word' id='word_1_50' title='bbox 669 964 809 1044; x_wconf 82' lang='lat' dir='ltr'>Excepere</span> <span class='ocrx_word' id='word_1_51' title='bbox 833 963 928 1024; x_wconf 82' lang='lat' dir='ltr'>Gracci</span> 
     </span>
     <span class='ocr_line' id='line_1_10' title="bbox 250 1045 927 1126; baseline 0.003 -22"><span class='ocrx_word' id='word_1_52' title='bbox 250 1048 448 1126; x_wconf 81' lang='lat' dir='ltr'>quaesitissimis·</span> <span class='ocrx_word' id='word_1_53' title='bbox 475 1045 656 1115; x_wconf 87' lang='lat' dir='ltr'>honoribus,</span> <span class='ocrx_word' id='word_1_54' title='bbox 685 1065 779 1104; x_wconf 87' lang='lat' dir='ltr'>vetera</span> <span class='ocrx_word' id='word_1_55' title='bbox 809 1063 927 1106; x_wconf 85' lang='lat' dir='ltr'>snorum</span> 
     </span>
     <span class='ocr_line' id='line_1_11' title="bbox 251 1123 928 1210; baseline 0.001 -24"><span class='ocrx_word' id='word_1_56' title='bbox 251 1125 328 1186; x_wconf 71' lang='lat' dir='ltr'>fasta</span> <span class='ocrx_word' id='word_1_57' title='bbox 339 1125 469 1208; x_wconf 69' lang='lat' dir='ltr'>dietaque</span> <span class='ocrx_word' id='word_1_58' title='bbox 478 1127 650 1208; x_wconf 80' lang='lat' dir='ltr'>praeferentes</span> <span class='ocrx_word' id='word_1_59' title='bbox 662 1171 673 1196; x_wconf 91' lang='lat'>,</span> <span class='ocrx_word' id='word_1_60' title='bbox 685 1123 744 1207; x_wconf 86' lang='lat' dir='ltr'>qub</span> <span class='ocrx_word' id='word_1_61' title='bbox 753 1126 814 1206; x_wconf 89' lang='lat' dir='ltr'>plus</span> <span class='ocrx_word' id='word_1_62' title='bbox 823 1126 928 1210; x_wconf 81' lang='lat' dir='ltr'>digna·</span> 
     </span>
     <span class='ocr_line' id='line_1_12' title="bbox 250 1206 619 1269; baseline -0.003 -1"><span class='ocrx_word' id='word_1_63' title='bbox 250 1209 336 1268; x_wconf 88' lang='lat' dir='ltr'>tionis</span> <span class='ocrx_word' id='word_1_64' title='bbox 353 1208 480 1268; x_wconf 82' lang='lat' dir='ltr'>adulatio</span> <span class='ocrx_word' id='word_1_65' title='bbox 495 1206 619 1269; x_wconf 85' lang='lat' dir='ltr'>haberet.</span> 
     </span>
    </p>

    <p class='ocr_par' dir='ltr' id='par_1_3' title="bbox 246 1285 928 2833">
     <span class='ocr_line' id='line_1_13' title="bbox 292 1285 928 1360; baseline 0.009 -14"><span class='ocrx_word' id='word_1_66' title='bbox 292 1289 370 1348; x_wconf 86' lang='lat' dir='ltr'><strong>LIV.</strong></span> <span class='ocrx_word' id='word_1_67' title='bbox 391 1287 483 1350; x_wconf 71' lang='lat' dir='ltr'>Petite</span> <span class='ocrx_word' id='word_1_68' title='bbox 498 1289 563 1348; x_wconf 91' lang='lat' dir='ltr'>inde</span> <span class='ocrx_word' id='word_1_69' title='bbox 577 1285 703 1360; x_wconf 75' lang='lat' dir='ltr'>Euboetl,</span> <span class='ocrx_word' id='word_1_70' title='bbox 723 1289 845 1350; x_wconf 78' lang='lat' dir='ltr'>tramisit</span> <span class='ocrx_word' id='word_1_71' title='bbox 860 1291 928 1352; x_wconf 84' lang='lat' dir='ltr'>Les-</span> 
     </span>
     <span class='ocr_line' id='line_1_14' title="bbox 250 1368 928 1453; baseline 0.006 -26"><span class='ocrx_word' id='word_1_72' title='bbox 250 1368 339 1442; x_wconf 91' lang='lat' dir='ltr'>bum,</span> <span class='ocrx_word' id='word_1_73' title='bbox 359 1370 408 1429; x_wconf 92' lang='lat' dir='ltr'>ubi</span> <span class='ocrx_word' id='word_1_74' title='bbox 423 1373 581 1453; x_wconf 83' lang='lat' dir='ltr'>Agrippina</span> <span class='ocrx_word' id='word_1_75' title='bbox 600 1373 757 1430; x_wconf 83' lang='lat' dir='ltr'>novissimo</span> <span class='ocrx_word' id='word_1_76' title='bbox 780 1391 861 1452; x_wconf 89' lang='lat' dir='ltr'>partu</span> <span class='ocrx_word' id='word_1_77' title='bbox 880 1374 928 1433; x_wconf 87' lang='lat' dir='ltr'>Ju-</span> 
     </span>
     <span class='ocr_line' id='line_1_15' title="bbox 250 1450 926 1524; baseline 0.009 -16"><span class='ocrx_word' id='word_1_78' title='bbox 250 1450 322 1510; x_wconf 88' lang='lat' dir='ltr'>liam</span> <span class='ocrx_word' id='word_1_79' title='bbox 343 1451 457 1512; x_wconf 84' lang='lat' dir='ltr'>edidit:</span> <span class='ocrx_word' id='word_1_80' title='bbox 483 1473 544 1512; x_wconf 91' lang='lat' dir='ltr'>tum</span> <span class='ocrx_word' id='word_1_81' title='bbox 568 1469 691 1511; x_wconf 83' lang='lat' dir='ltr'>extrema</span> <span class='ocrx_word' id='word_1_82' title='bbox 712 1453 806 1524; x_wconf 76' lang='lat' dir='ltr'>Asiae,</span> <span class='ocrx_word' id='word_1_83' title='bbox 825 1453 926 1514; x_wconf 87' lang='lat' dir='ltr'>Perin-</span> 
     </span>
     <span class='ocr_line' id='line_1_16' title="bbox 251 1529 926 1612; baseline 0.007 -22"><span class='ocrx_word' id='word_1_84' title='bbox 251 1529 389 1612; x_wconf 90' lang='lat' dir='ltr'>thumque</span> <span class='ocrx_word' id='word_1_85' title='bbox 414 1555 447 1592; x_wconf 90' lang='lat' dir='ltr'>ac</span> <span class='ocrx_word' id='word_1_86' title='bbox 465 1533 635 1612; x_wconf 83' lang='lat' dir='ltr'>Byzantium</span> <span class='ocrx_word' id='word_1_87' title='bbox 660 1531 797 1592; x_wconf 83' lang='lat' dir='ltr'>Thracias</span> <span class='ocrx_word' id='word_1_88' title='bbox 819 1534 926 1607; x_wconf 87' lang='lat' dir='ltr'>urbes,</span> 
     </span>
     <span class='ocr_line' id='line_1_17' title="bbox 251 1612 924 1696; baseline 0.009 -26"><span class='ocrx_word' id='word_1_89' title='bbox 251 1633 320 1671; x_wconf 86' lang='lat' dir='ltr'>mox</span> <span class='ocrx_word' id='word_1_90' title='bbox 337 1613 516 1694; x_wconf 84' lang='lat' dir='ltr'>Propontidis</span> <span class='ocrx_word' id='word_1_91' title='bbox 534 1612 693 1696; x_wconf 86' lang='lat' dir='ltr'>angustias,</span> <span class='ocrx_word' id='word_1_92' title='bbox 714 1623 742 1673; x_wconf 75' lang='grc' dir='ltr'>δι</span> <span class='ocrx_word' id='word_1_93' title='bbox 764 1635 796 1674; x_wconf 87' lang='lat' dir='ltr'>os</span> <span class='ocrx_word' id='word_1_94' title='bbox 816 1615 924 1676; x_wconf 90' lang='lat' dir='ltr'>Ponti-</span> 
     </span>
     <span class='ocr_line' id='line_1_18' title="bbox 250 1695 927 1774; baseline 0.01 -23"><span class='ocrx_word' id='word_1_95' title='bbox 250 1714 317 1751; x_wconf 86' lang='lat' dir='ltr'>cum</span> <span class='ocrx_word' id='word_1_96' title='bbox 344 1695 447 1764; x_wconf 87' lang='lat' dir='ltr'>intrat,</span> <span class='ocrx_word' id='word_1_97' title='bbox 472 1695 603 1774; x_wconf 88' lang='lat' dir='ltr'>cupidine</span> <span class='ocrx_word' id='word_1_98' title='bbox 632 1715 738 1756; x_wconf 84' lang='lat' dir='ltr'>veteres</span> <span class='ocrx_word' id='word_1_99' title='bbox 765 1695 863 1768; x_wconf 88' lang='lat' dir='ltr'>lotos,</span> <span class='ocrx_word' id='word_1_100' title='bbox 897 1707 927 1758; x_wconf 73' lang='lat' dir='ltr'>oc</span> 
     </span>
     <span class='ocr_line' id='line_1_19' title="bbox 249 1771 925 1858; baseline 0.01 -27"><span class='ocrx_word' id='word_1_101' title='bbox 249 1771 330 1832; x_wconf 64' lang='lat' dir='ltr'>fami</span> <span class='ocrx_word' id='word_1_102' title='bbox 345 1775 498 1834; x_wconf 89' lang='lat' dir='ltr'>celebratos</span> <span class='ocrx_word' id='word_1_103' title='bbox 514 1775 666 1846; x_wconf 84' lang='lat' dir='ltr'>noscendi3</span> <span class='ocrx_word' id='word_1_104' title='bbox 690 1778 847 1858; x_wconf 85' lang='lat' dir='ltr'>pariterque</span> <span class='ocrx_word' id='word_1_105' title='bbox 860 1799 925 1858; x_wconf 86' lang='lat' dir='ltr'>pro-</span> 
     </span>
     <span class='ocr_line' id='line_1_20' title="bbox 249 1856 926 1944; baseline 0.009 -29"><span class='ocrx_word' id='word_1_106' title='bbox 249 1856 356 1916; x_wconf 81' lang='lat' dir='ltr'>vincias</span> <span class='ocrx_word' id='word_1_107' title='bbox 381 1858 496 1917; x_wconf 87' lang='lat' dir='ltr'>internis</span> <span class='ocrx_word' id='word_1_108' title='bbox 519 1858 735 1928; x_wconf 88' lang='lat' dir='ltr'>certaminibus,</span> <span class='ocrx_word' id='word_1_109' title='bbox 756 1879 805 1920; x_wconf 89' lang='lat' dir='ltr'>aut</span> <span class='ocrx_word' id='word_1_110' title='bbox 822 1863 926 1944; x_wconf 84' lang='lat' dir='ltr'>magis·</span> 
     </span>
     <span class='ocr_line' id='line_1_21' title="bbox 249 1937 925 2023; baseline 0.009 -27"><span class='ocrx_word' id='word_1_111' title='bbox 249 1957 374 1996; x_wconf 85' lang='lat' dir='ltr'>traruum</span> <span class='ocrx_word' id='word_1_112' title='bbox 399 1939 506 2018; x_wconf 86' lang='lat' dir='ltr'>injuriis</span> <span class='ocrx_word' id='word_1_113' title='bbox 532 1937 616 2000; x_wconf 84' lang='lat' dir='ltr'>fessas</span> <span class='ocrx_word' id='word_1_114' title='bbox 637 1938 784 2000; x_wconf 80' lang='lat' dir='ltr'>refovebat</span> <span class='ocrx_word' id='word_1_115' title='bbox 807 1963 814 1998; x_wconf 92' lang='lat'><strong>:</strong></span> <span class='ocrx_word' id='word_1_116' title='bbox 839 1963 925 2023; x_wconf 89' lang='lat' dir='ltr'>atque</span> 
     </span>
     <span class='ocr_line' id='line_1_22' title="bbox 251 2018 926 2104; baseline 0.007 -27"><span class='ocrx_word' id='word_1_117' title='bbox 251 2018 372 2078; x_wconf 89' lang='lat' dir='ltr'>illumin</span> <span class='ocrx_word' id='word_1_118' title='bbox 383 2040 592 2104; x_wconf 84' lang='lat' dir='ltr'>regressusacra</span> <span class='ocrx_word' id='word_1_119' title='bbox 607 2018 823 2080; x_wconf 86' lang='lat' dir='ltr'>Samothracum</span> <span class='ocrx_word' id='word_1_120' title='bbox 836 2025 926 2082; x_wconf 87' lang='lat' dir='ltr'>visere</span> 
     </span>
     <span class='ocr_line' id='line_1_23' title="bbox 249 2101 924 2188; baseline 0.007 -30"><span class='ocrx_word' id='word_1_121' title='bbox 249 2101 408 2172; x_wconf 87' lang='lat' dir='ltr'>nitentem,</span> <span class='ocrx_word' id='word_1_122' title='bbox 433 2102 514 2161; x_wconf 88' lang='lat' dir='ltr'>obvii</span> <span class='ocrx_word' id='word_1_123' title='bbox 535 2104 680 2182; x_wconf 82' lang='lat' dir='ltr'>aquilones</span> <span class='ocrx_word' id='word_1_124' title='bbox 701 2103 838 2181; x_wconf 84' lang='lat' dir='ltr'>depulere.</span> <span class='ocrx_word' id='word_1_125' title='bbox 862 2104 924 2188; x_wconf 81' lang='lat' dir='ltr'>Igi-</span> 
     </span>
     <span class='ocr_line' id='line_1_24' title="bbox 250 2181 926 2264; baseline 0.01 -25"><span class='ocrx_word' id='word_1_126' title='bbox 250 2198 295 2239; x_wconf 88' lang='lat' dir='ltr'>tur</span> <span class='ocrx_word' id='word_1_127' title='bbox 309 2181 380 2252; x_wconf 86' lang='lat' dir='ltr'>llio,</span> <span class='ocrx_word' id='word_1_128' title='bbox 398 2202 515 2264; x_wconf 77' lang='lat' dir='ltr'>quaque</span> <span class='ocrx_word' id='word_1_129' title='bbox 534 2184 575 2242; x_wconf 88' lang='lat' dir='ltr'>ibi</span> <span class='ocrx_word' id='word_1_130' title='bbox 594 2185 728 2243; x_wconf 87' lang='lat' dir='ltr'>varietate</span> <span class='ocrx_word' id='word_1_131' title='bbox 745 2183 882 2256; x_wconf 75' lang='lat' dir='ltr'>fortuna,</span> <span class='ocrx_word' id='word_1_132' title='bbox 897 2194 926 2246; x_wconf 70' lang='lat' dir='ltr'>ot</span> 
     </span>
     <span class='ocr_line' id='line_1_25' title="bbox 248 2260 923 2346; baseline 0.01 -29"><span class='ocrx_word' id='word_1_133' title='bbox 248 2260 336 2318; x_wconf 90' lang='lat' dir='ltr'>nostri</span> <span class='ocrx_word' id='word_1_134' title='bbox 355 2264 465 2343; x_wconf 84' lang='lat' dir='ltr'>origine</span> <span class='ocrx_word' id='word_1_135' title='bbox 484 2263 662 2335; x_wconf 82' lang='lat' dir='ltr'>veneranda,</span> <span class='ocrx_word' id='word_1_136' title='bbox 679 2264 779 2346; x_wconf 74' lang='lat' dir='ltr'>relegit</span> <span class='ocrx_word' id='word_1_137' title='bbox 799 2267 923 2337; x_wconf 86' lang='lat' dir='ltr'>Asiam,</span> 
     </span>
     <span class='ocr_line' id='line_1_26' title="bbox 248 2340 924 2426; baseline 0.012 -28"><span class='ocrx_word' id='word_1_138' title='bbox 248 2340 419 2421; x_wconf 77' lang='lat' dir='ltr'>adpellitque</span> <span class='ocrx_word' id='word_1_139' title='bbox 448 2341 651 2422; x_wconf 88' lang='lat' dir='ltr'>Colophona,</span> <span class='ocrx_word' id='word_1_140' title='bbox 674 2365 705 2406; x_wconf 92' lang='lat' dir='ltr'>ut</span> <span class='ocrx_word' id='word_1_141' title='bbox 728 2345 820 2406; x_wconf 88' lang='lat' dir='ltr'>Clarii</span> <span class='ocrx_word' id='word_1_142' title='bbox 833 2348 924 2426; x_wconf 82' lang='lat' dir='ltr'>Apol-</span> 
     </span>
     <span class='ocr_line' id='line_1_27' title="bbox 247 2421 924 2501; baseline 0.009 -21"><span class='ocrx_word' id='word_1_143' title='bbox 247 2421 312 2482; x_wconf 89' lang='lat' dir='ltr'>linis</span> <span class='ocrx_word' id='word_1_144' title='bbox 334 2423 448 2485; x_wconf 84' lang='lat' dir='ltr'>oraculo</span> <span class='ocrx_word' id='word_1_145' title='bbox 468 2443 597 2485; x_wconf 86' lang='lat' dir='ltr'>uteretur.</span> <span class='ocrx_word' id='word_1_146' title='bbox 622 2427 692 2486; x_wconf 90' lang='lat' dir='ltr'>Non</span> <span class='ocrx_word' id='word_1_147' title='bbox 715 2425 820 2486; x_wconf 87' lang='lat' dir='ltr'>femina</span> <span class='ocrx_word' id='word_1_148' title='bbox 843 2431 924 2501; x_wconf 89' lang='lat' dir='ltr'>illic,</span> 
     </span>
     <span class='ocr_line' id='line_1_28' title="bbox 248 2503 925 2584; baseline 0.012 -22"><span class='ocrx_word' id='word_1_149' title='bbox 248 2523 280 2563; x_wconf 92' lang='lat' dir='ltr'>ut</span> <span class='ocrx_word' id='word_1_150' title='bbox 296 2503 372 2583; x_wconf 89' lang='lat' dir='ltr'>apud</span> <span class='ocrx_word' id='word_1_151' title='bbox 391 2503 540 2584; x_wconf 89' lang='lat' dir='ltr'>Delphos,</span> <span class='ocrx_word' id='word_1_152' title='bbox 556 2507 603 2566; x_wconf 85' lang='lat' dir='ltr'>sed</span> <span class='ocrx_word' id='word_1_153' title='bbox 620 2511 726 2568; x_wconf 87' lang='lat' dir='ltr'>certise</span> <span class='ocrx_word' id='word_1_154' title='bbox 740 2508 880 2581; x_wconf 88' lang='lat' dir='ltr'>familiis,</span> <span class='ocrx_word' id='word_1_155' title='bbox 896 2521 925 2570; x_wconf 74' lang='grc' dir='ltr'>δε</span> 
     </span>
     <span class='ocr_line' id='line_1_29' title="bbox 248 2584 924 2662; baseline 0.01 -18"><span class='ocrx_word' id='word_1_156' title='bbox 248 2584 336 2644; x_wconf 86' lang='lat' dir='ltr'>ferme</span> <span class='ocrx_word' id='word_1_157' title='bbox 354 2588 460 2662; x_wconf 72' lang='lat' dir='ltr'>Mileto</span> <span class='ocrx_word' id='word_1_158' title='bbox 480 2590 584 2650; x_wconf 87' lang='lat' dir='ltr'>accitus</span> <span class='ocrx_word' id='word_1_159' title='bbox 606 2588 754 2661; x_wconf 86' lang='lat' dir='ltr'>sacerdos,</span> <span class='ocrx_word' id='word_1_160' title='bbox 774 2611 924 2651; x_wconf 88' lang='lat' dir='ltr'>numerum</span> 
     </span>
     <span class='ocr_line' id='line_1_30' title="bbox 247 2663 923 2732; baseline 0.013 -8"><span class='ocrx_word' id='word_1_161' title='bbox 247 2663 337 2725; x_wconf 83' lang='lat' dir='ltr'>modd</span> <span class='ocrx_word' id='word_1_162' title='bbox 355 2670 572 2728; x_wconf 85' lang='lat' dir='ltr'>consultantium</span> <span class='ocrx_word' id='word_1_163' title='bbox 587 2679 613 2729; x_wconf 72' lang='grc' dir='ltr'>δε</span> <span class='ocrx_word' id='word_1_164' title='bbox 632 2674 750 2730; x_wconf 87' lang='lat' dir='ltr'>nomina</span> <span class='ocrx_word' id='word_1_165' title='bbox 764 2671 844 2732; x_wconf 87' lang='lat' dir='ltr'>audit</span> <span class='ocrx_word' id='word_1_166' title='bbox 861 2693 923 2732; x_wconf 89' lang='lat' dir='ltr'>tum</span> 
     </span>
     <span class='ocr_line' id='line_1_31' title="bbox 246 2748 924 2833; baseline 0.018 -27"><span class='ocrx_word' id='word_1_167' title='bbox 246 2748 277 2806; x_wconf 87' lang='lat' dir='ltr'>in</span> <span class='ocrx_word' id='word_1_168' title='bbox 296 2768 409 2827; x_wconf 86' lang='lat' dir='ltr'>specum</span> <span class='ocrx_word' id='word_1_169' title='bbox 428 2751 584 2833; x_wconf 81' lang='lat' dir='ltr'>degressus,</span> <span class='ocrx_word' id='word_1_170' title='bbox 602 2748 699 2814; x_wconf 70' lang='lat' dir='ltr'>hausti</span> <span class='ocrx_word' id='word_1_171' title='bbox 718 2752 806 2826; x_wconf 78' lang='lat' dir='ltr'>fontis</span> <span class='ocrx_word' id='word_1_172' title='bbox 826 2757 924 2818; x_wconf 66' lang='lat' dir='ltr'>arcam</span> 
     </span>
    </p>
   </div>
   <div class='ocr_carea' id='block_1_3' title="bbox 0 0 1042 3659">
    <p class='ocr_par' dir='ltr' id='par_1_4' title="bbox 0 0 1042 3659">
     <span class='ocr_line' id='line_1_32' title="bbox 0 0 1042 3659; baseline 0 1"><span class='ocrx_word' id='word_1_173' title='bbox 0 0 1042 3659; x_wconf 95' lang='lat' dir='ltr'> </span> 
     </span>
    </p>
   </div>
  </div>
 </body>
</html>
