2075 3659
281 301 347 370 ,ιι
411 277 859 350 CCORN.TAc1T1

278 397 385 462 tnhit:
406 397 591 462 adfluentibus
605 398 775 478 paullatim,
794 401 872 481 qui,
891 417 956 459 metu

278 483 389 563 magis,
409 477 495 562 qu‘am
514 478 732 551 benevolentii,
752 481 900 559 subjeffi,
919 501 956 538 re·

279 565 363 644 pertis
378 561 539 624 aratoribus
557 557 719 623 sustulerant
738 563 889 621 animum.
907 562 959 620 Nec

278 648 339 724 jaim
358 642 433 701 aliud
451 642 599 708 Artabano
620 643 784 722 reliquum,
807 640 920 726 quiam,
940 644 958 702 si

280 726 332 807 qui
346 742 523 788 externorum
544 725 654 803 corpori
677 721 808 784 custodes
832 724 959 793 aderant,

280 807 338 866 suis
356 806 479 886 quisque¹
492 804 605 866 sedibus
624 824 769 875 extorres,
792 807 864 887 quis
880 824 961 886 neque

281 886 353 946 boni
378 887 553 957 inteller,
579 906 670 967 neque
694 886 766 946 mali
797 908 894 959 cura,
921 883 961 945 sel
1017 914 1018 924 ¹

281 966 410 1030 mercede
436 968 568 1038 aluntur,
589 965 708 1034 ministri
726 967 896 1027 sceleribus.
916 967 962 1025 His
1016 1009 1018 1026 .

282 1048 456 1128 adsumptis,
481 1050 512 1108 in
539 1049 695 1132 longinqui
725 1057 752 1108 &
788 1051 961 1110 contermina

282 1127 405 1212 Scythia
436 1127 539 1212 fugam
566 1130 735 1201 maturavit,
765 1150 817 1209 spe
851 1131 962 1200 auxilii,

282 1212 352 1294 quia
366 1209 507 1291 Hyrcanis
525 1209 743 1291 Carmaniisque
763 1231 817 1289 per
839 1210 959 1272 adfinita-

283 1312 343 1354 tem
369 1293 486 1355 innexus
519 1311 598 1363 erat3
627 1311 711 1372 atque
738 1293 862 1356 interim
893 1312 962 1372 posse

283 1369 403 1436 Parthos
435 1373 594 1434 absentium
627 1393 749 1454 arquos,
785 1373 963 1453 praesentibus

286 1454 478 1526 mobiles,atl
491 1455 686 1534 penitentiam
697 1455 815 1514 mutari.
1020 1452 1021 1502 l

324 1535 484 1612 XXXVII.
503 1536 544 1596 At
560 1535 714 1605 Vitellius,
735 1533 868 1620 profugo
886 1535 963 1596 Ana·

287 1618 386 1687 bano,
408 1627 435 1679 &
456 1619 534 1676 flexis
550 1617 587 1676 ad
604 1636 711 1676 novum
729 1637 832 1756 repent
856 1617 962 1698 popula·
1021 1630 1022 1640 ¹

286 1702 361 1760 rium
385 1700 509 1768 animis,
543 1695 670 1757 hortatus
693 1696 760 1756 Tiri
781 1717 851 1758 aren
871 1717 965 1773 parata

287 1801 444 1855 capessere,
469 1778 555 1838 robur
575 1779 721 1862 legionum
748 1780 964 1919 sociorumtppe,

237 1913 241 1919 .
285 1863 379 1942 ripam
395 1859 432 1920 ad
446 1857 597 1939 Euphratis
613 1859 698 1918 ducit.
718 1858 902 1921 Sacrificanti
922 1881 966 1930 us,

183 1945 186 1951 ’
288 1963 377 2025 quum
394 1938 439 2010 hie
453 1961 533 2002 more
545 1941 678 2000 Romano
690 1941 903 2008 Suovetautilia
914 1941 965 2001 da·

288 2045 350 2096 ret,
368 2024 415 2083 ille
427 2042 532 2105 equum
543 2022 682 2102 placando
693 2025 774 2082 amni
785 2023 964 2092 adomasser3

288 2108 453 2167 nuntiavere
470 2105 595 2176 aecolae,
615 2101 794 2180 Euphraten,
818 2107 899 2172 nulla
919 2106 965 2164 in-

290 2185 379 2246 brium
391 2187 442 2256 ut',
452 2181 583 2261 sponte&
593 2186 753 2257 inunensum
764 2188 863 2246 attolli
862 2209 878 2258 ;
887 2185 969 2250 sinutl

290 2267 442 2326 albentibus
461 2267 585 2340 spumis,
604 2265 635 2323 in
657 2268 763 2324 modum
781 2267 966 2335 diadenmtis,

290 2349 401 2407 sinuare
412 2346 487 2405 orbes
495 2369 509 2418 ,·
522 2346 673 2420 auspicium
681 2348 808 2420 prosperi
817 2366 966 2426 transpm*

291 2427 340 2486 stis
363 2426 513 2507 :quidam
541 2424 666 2486 callidius
691 2427 964 2507 interpretabantur,

292 2509 378 2566 initia
402 2508 514 2578 canariis
539 2510 676 2577 secunda,
699 2529 782 2584 neque
803 2510 935 2574 diuturna
955 2529 964 2566 .·

292 2589 480 2666 quia-eorum,
499 2609 555 2665 qua
574 2590 646 2648 terni
662 2589 762 2656 coelutu
777 2593 963 2662 portenderen-

293 2687 357 2740 tur,
378 2670 477 2729 terrior
486 2670 559 2747 fides
567 2690 581 2741 ,·
594 2669 741 2749 fluminum
759 2669 903 2750 instabilis
922 2689 965 2728 aa*

294 2769 356 2812 tura
379 2751 466 2813 simul
489 2751 632 2833 ostenderet
660 2750 770 2822 antina,
803 2768 966 2892 raperetqsuti

936 2849 949 2887 e
