2075 3659
253 301 293 365 32
373 278 409 343 C.
438 277 580 346 Contu.
611 278 793 344 Tscrrr

246 396 375 463 vallum,
391 399 478 457 autin
490 417 603 455 amnem
617 394 748 456 Rhenum
759 398 921 475 proiiciunt.

248 476 401 555 Septimius
422 499 509 557 quum
534 476 698 560 perfugisset
721 477 758 537 ad
780 478 922 547 tribunal,

153 554 162 574 '
249 558 422 639 pedibusque
434 558 554 618 Caecina:
561 558 776 627 ,advolveremn
790 555 826 616 eb
837 580 926 639 usque

243 640 392 721 ¹flagitatus
424 638 492 709 est,
522 640 613 699 donec
635 640 671 698 ad
698 643 815 699 exitium
840 641 929 699 dede·

249 739 332 781 retur.
351 721 464 781 Cassius
478 718 617 792 Chaerea,
638 742 705 779 mor
718 722 789 781 caede
804 720 842 781 C.
862 722 931 781 Cae·

249 803 318 861 saris
344 806 512 861 memoriam
539 803 614 882 apud
634 800 756 881 posteros
783 802 929 883 adeptus,

251 900 313 941 tum
322 884 504 961 adolescens,
518 893 545 942 &
557 885 646 942 animi
658 883 736 942 ferox
748 930 759 951 ‚
773 886 847 950 inter
862 884 932 943 obs-

252 982 344 1022 tantes
371 974 398 1023 &
421 983 544 1023 armatos
572 964 645 1023 ferro
675 967 752 1023 viam
784 964 931 1043 patefecit.

250 1042 322 1103 Non
344 1045 472 1104 tribunus
495 1046 591 1116 ultra,
609 1066 668 1104 non
687 1043 838 1104 castrorum
856 1066 930 1125 prae-

250 1122 340 1183 fectus
367 1130 409 1203 jus
436 1126 562 1185 obtinuit
586 1150 593 1182 :
615 1128 752 1208 vigilias,
775 1125 931 1199 stationes,

251 1207 318 1263 &si
337 1226 394 1286 qua
409 1207 464 1265 alia
482 1228 597 1285 praesens
615 1228 678 1266 usus
694 1208 855 1276 indixerat,
878 1211 932 1289 ipsi

249 1286 450 1364 partiebantur.
463 1287 496 1347 Id
504 1289 637 1348 militares
649 1290 759 1347 animos
769 1286 852 1348 altius
859 1311 932 1348 con-

249 1368 417 1445 jediantibus
432 1372 599 1449 ptaecipuum
612 1368 750 1428 indicium
764 1372 864 1452 magni
879 1391 929 1430 at·

249 1469 306 1527 que
326 1449 511 1529 implacabilis
529 1471 640 1519 motus,
656 1448 735 1529 qubd
753 1471 844 1531 neque
858 1451 928 1511 dis-

250 1531 337 1608 jecti,
354 1552 408 1589 nec
421 1552 574 1611 paucomm
593 1528 740 1600 instinctu,
760 1532 808 1591 sed
826 1534 931 1611 pariter

250 1610 440 1683 ardescerent,
463 1615 564 1692 pariter
581 1613 711 1681 silerent;
734 1632 814 1673 tanta
836 1635 931 1694 aequa·

249 1690 330 1752 litate
343 1702 369 1751 &
384 1691 556 1762 constantia,
570 1714 601 1752 ut
611 1696 672 1776 regi
683 1692 813 1753 crederes.

291 1772 430 1833 XXXIII.
450 1774 559 1834 Interea
579 1775 751 1834 Germanico
774 1796 822 1854 per
848 1775 927 1836 Gal-

252 1854 323 1924 lias,
346 1875 377 1914 ut
395 1854 540 1926 diximus,
562 1876 657 1915 census
681 1856 851 1934 accipienti,
877 1881 928 1916 ex·

250 1937 366 1995 cessisse
391 1934 539 2016 Augustum
559 1935 690 1996 adfertur.
719 1938 845 2015 Neptem
869 1945 929 2017 ejus

251 2017 439 2097 Agrippinam
455 2018 485 2075 in
502 2020 708 2088 matrimonio,
727 2019 872 2098 pluresque
894 2040 930 2079 ex

217 2113 218 2117 ’
252 2118 285 2155 ea
298 2098 399 2157 liberos
414 2096 546 2157 habebat.
563 2098 625 2177 Ipse
641 2100 751 2169 Druso,
765 2097 849 2158 fratre
867 2099 927 2158 Ti-

250 2177 338 2247 berii,
355 2182 483 2259 genitus,
498 2177 629 2260 Auguste
641 2200 728 2259 nepos
744 2202 750 2235 :
765 2179 813 2239 sed
829 2184 929 2241 enixius

251 2258 369 2317 occultis
391 2261 420 2317 in
439 2278 467 2317 sc
485 2262 577 2337 partui
593 2262 716 2340 aviaeque
740 2260 835 2329 odiis,
858 2283 930 2341 quo·

252 2357 315 2395 rum
337 2358 422 2401 causae
440 2341 579 2409 acriores,
598 2342 665 2421 quia
684 2344 786 2421 iniquae
801 2365 808 2397 ι
824 2345 929 2422 quippe

251 2418 337 2479 Drusi
368 2440 473 2502 magna
502 2419 577 2499 apud
601 2423 735 2501 populum
763 2422 929 2483 Romanum

252 2500 409 2570 memoria,
431 2500 668 2583 credebaturque,
693 2505 716 2561 si
735 2524 827 2561 terum
845 2507 928 2582 poti-

253 2600 297 2641 tus
316 2581 407 2651 foret,
428 2582 587 2642 libertatem
602 2583 756 2643 redditurus
778 2607 784 2640 :
804 2585 878 2643 unde
898 2589 930 2646 in

253 2662 456 2722 Germanicum
473 2662 572 2731 favor,
595 2670 627 2723 &'
644 2685 703 2743 spes
723 2664 830 2723 eadem,
847 2667 930 2726 Nam

253 2744 347 2819 juveni
363 2745 443 2805 civile
459 2746 628 2828 ingenium,
648 2747 719 2808 mira
737 2747 878 2820 comitas,
902 2756 931 2811 δι
