2075 3659
268 355 344 443 §an-,¹²²

268 375 448 471 k

275 1092 387 1215 ἶ,
424 1089 541 1214 E
589 1094 700 1214 C
746 1092 856 1210 Τ
907 1087 1031 1211 O
1074 1093 1205 1211 R
1244 1083 1358 1210 E
1398 1084 1624 1213 M·

263 1285 401 1420 ’ΞΝ
455 1349 806 1419 recensendis
859 1349 1120 1416 Cornelii
1161 1354 1357 1415 Taciti
1410 1353 1630 1437 scriptis

264 1454 362 1513 usi
401 1451 592 1512 sumus
620 1470 798 1532 quum
825 1449 1006 1529 Lipsii
1033 1494 1055 1520 ,
1082 1448 1289 1529 Ryckii
1312 1494 1331 1521 ,
1360 1451 1635 1511 aliorum-

265 1575 380 1636 que
422 1555 784 1633 interpretum
830 1548 1414 1609 animadversionibus
1450 1596 1469 1623 ,
1508 1567 1631 1611 tum

261 1652 519 1713 editione
567 1650 769 1711 Jacobi
814 1647 1099 1711 Gronovii
1126 1689 1145 1719 ,
1195 1666 1317 1730 quae
1365 1650 1634 1735 Lugduni

263 1750 612 1809 Batavorum
661 1748 874 1830 prodiit
919 1750 1205 1829 quaternis
1252 1771 1403 1810 anno
1458 1771 1568 1827 172
1582 1771 1631 1812 r.

263 1846 438 1908 Hanc
479 1844 791 1904 editionem
835 1847 1155 1903 accuratam
1195 1844 1256 1902 in
1293 1845 1489 1923 primis
1512 1889 1531 1915 ,
1576 1854 1633 1906 Bc

263 1945 464 2003 multis
503 1943 645 2002 locis
672 1963 702 2001 e
729 1941 1071 2002 Florentinis
1098 1941 1389 2003 codicibus
1426 1964 1627 2003 emen*

262 2036 464 2106 datam
505 2036 803 2119 diligenter
842 2036 1158 2097 evolvimus
1187 2081 1206 2107 ‚
1247 2038 1628 2101 contulimus-

243 2145 379 2213 ‘que
430 2154 561 2191 curn
615 2131 997 2212 manuscripto
1051 2131 1246 2193 codice
1290 2132 1484 2217 Regiae
1532 2137 1629 2195 bi·-

261 2225 565 2293 bliothecae
587 2273 604 2297 ,
633 2228 733 2307 qui
752 2272 774 2295 ,
798 2244 859 2285 ut
885 2227 1131 2307 plerique
1159 2224 1408 2306 ejusdem
1437 2227 1634 2290 Taciti

261 2326 492 2385 codices
521 2372 539 2397 ,
590 2322 817 2384 exhibet
860 2344 1082 2385 tantum
1123 2327 1435 2387 Annalium
1482 2350 1625 2411 pos-

259 2425 496 2483 teriores
533 2424 606 2482 ab
654 2445 694 2482 x
710 2445 752 2483 1.
780 2434 834 2485 δε
868 2424 1247 2486 Historiarum
1281 2428 1455 2486 libros
1481 2472 1500 2497 ,
1529 2429 1632 2508 qui

258 2520 574 2603 supersunt.
615 2524 726 2583 His
764 2526 940 2603 copiis
987 2546 1093 2584 nos
1135 2522 1390 2584 instruxit
1434 2525 1522 2584 vir
1567 2545 1631 2585 ut

256 2624 322 2682 in
383 2623 577 2683 litteris
633 2622 1040 2685 versatissimus
1076 2671 1095 2697 ,
1151 2627 1231 2684 ita
1282 2624 1351 2683 de
1405 2624 1627 2685 illarum

256 2719 551 2805 progress‘u
591 2724 733 2783 mire
772 2721 1045 2786 studiosus
1092 2723 1585 2807 Capperonnerius
1602 2769 1625 2797 ,

1233 2852 1270 2890 a
1310 2830 1379 2911 iij
