2075 3659
189 334 439 408 Anrrrwn
464 335 558 404 Ira:
580 335 646 406 VI.
702 352 769 429 295

79 476 244 518 commoto
267 456 350 516 simul
374 457 506 515 omnium
527 475 579 516 aere
607 456 721 528 alien03
746 467 776 518 δι

79 543 185 623 quia,
205 537 426 610 cardamatis,
446 537 585 618 bonisque
609 558 706 598 eorum
731 538 776 598 di·

78 621 238 690 venditis,
254 621 396 703 signatum
408 639 556 702 argentum
569 617 637 679 fisco
648 621 693 680 vel
705 641 775 680 aera-

80 705 136 764 rio
155 702 351 762 attinebatur:
371 701 407 760 ad
431 698 485 759 boc
502 719 613 761 senatus
632 705 775 784 prescrip

82 804 189 852 serat,
209 787 277 842 duas
296 782 530 862 quisqucfoenoris
540 801 635 858 partes
654 785 685 842 in
697 785 775 864 agris

74 888 143 941 per
159 865 275 923 Italiam
296 865 456 923 conlocaret.
485 863 541 924 Sed
565 863 713 925 creditores
742 868 774 926 in

84 945 217 1005 solidum
244 945 425 1024 appellabant
450 967 457 1001 :
483 965 536 1005 nec
561 943 696 1006 decorum
722 968 773 1028 ap-

84 1027 224 1108 pellatis,
249 1027 373 1086 minuere
396 1023 490 1086 fidem.
510 1027 555 1087 Ita
579 1025 673 1107 primd
697 1048 772 1088 con·

84 1108 233 1180 cunano,
264 1117 292 1168 dc
321 1129 433 1190 preces3
467 1107 533 1168 dein
558 1105 674 1189 strepere
702 1129 773 1190 prat-

85 1191 162 1250 toris
180 1188 325 1248 tribunal:
348 1209 455 1272 enque,
472 1211 534 1284 ‹puae
555 1191 681 1250 remedio
691 1212 772 1272 ·quae-

90 1271 172 1342 sita,
189 1270 339 1342 venditio,
353 1279 380 1331 δι
401 1287 524 1349 emptio,
548 1271 578 1329 in
600 1273 772 1332 contrarium

86 1354 219 1421 mutari3
248 1355 316 1433 quir
341 1350 520 1412 foeneratotes
543 1371 659 1411 omnem
682 1373 771 1434 pecu·

87 1436 175 1493 niam
201 1433 358 1492 mercandis
386 1434 461 1516 agris
483 1431 675 1494 condiderant.
702 1433 770 1495 Co·

84 1516 171 1596 piant
203 1515 344 1574 vendendi
371 1533 465 1573 secura
492 1514 628 1586 vilitate,
662 1511 772 1596 quanto

86 1597 157 1676 quis
171 1595 336 1666 obaeratior,
354 1593 453 1678 aegritls
471 1591 682 1666 distrahebant3
698 1597 774 1656 mul-

88 1676 173 1757 tique
209 1675 327 1736 fortunis
358 1676 596 1755 provolvebantur
626 1700 634 1734 ι
666 1680 773 1738 eversio

86 1761 135 1817 rei
155 1756 300 1818 familiaris
321 1757 488 1836 dignitatem
510 1779 543 1817 ac
565 1755 675 1818 famam
697 1779 772 1840 pta·

88 1860 158 1918 ceps
186 1839 272 1899 dabat
304 1863 311 1896 :
341 1825 430 1921 donec
455 1840 518 1898 tulit
538 1859 623 1920 opem
651 1839 772 1914 Caesar,

91 1920 232 1999 disposito
248 1941 295 2001 per
311 1940 419 1980 mensas
435 1921 537 1979 millies
549 1919 692 1994 sestertio,
711 1921 773 1984 fac-

89 1999 179 2082 talque
216 2001 364 2060 mutuandi
395 1999 478 2080 copi&
513 2001 574 2059 sine
604 2003 691 2061 usuris
726 2024 774 2083 per

89 2084 269 2152 triennium,
291 2084 314 2141 si
336 2081 447 2140 debitor
474 2081 580 2160 populo
604 2084 634 2141 in
655 2081 772 2164 duplum

89 2164 204 2245 praediis
220 2163 343 2227 cavisset.
360 2161 407 2220 Sic
422 2159 526 2220 refedla
544 2159 635 2234 fides,
652 2171 679 2224 &
696 2166 773 2244 paul·

90 2245 178 2306 latim
205 2243 306 2323 privati
334 2263 448 2323 quoque
471 2242 618 2304 creditores
643 2250 771 2326 reperti:

90 2347 185 2406 neque
210 2325 318 2402 emptio
350 2344 482 2407 agrorum
504 2327 623 2386 exercita
650 2327 686 2387 ad
711 2327 771 2389 for-

93 2429 175 2466 mam
199 2407 446 2476 senatusconsulti,
471 2407 598 2480 acribus,
622 2427 653 2468 ut
681 2407 771 2470 ferme

94 2490 183 2560 talia,
204 2490 311 2558 initiis,
331 2489 471 2547 incurioso
489 2487 554 2548 fine.

135 2568 249 2629 XVIII.
279 2569 355 2628 Dein
384 2567 500 2627 redeunt
527 2571 630 2648 priores
655 2589 745 2632 metus
758 2587 773 2643 ,'

93 2650 235 2733 postulato
271 2647 422 2729 majestatis
448 2647 589 2710 Considio
613 2651 732 2710 Proculo
762 2676 771 2712 ε

94 2735 145 2813 qui
162 2733 240 2792 nullo
256 2751 359 2810 pavore
376 2729 452 2789 diem
468 2731 592 2790 natalem
612 2730 770 2805 celebrans,

93 2833 188 2895 raptus
214 2815 246 2874 in
268 2815 394 2885 curiam,
416 2814 573 2895 pariterque
593 2811 770 2886 damnatus,

571 2893 652 2960 Niv
