2075 3659
195 278 443 354 {urrunnun
467 287 553 355 Lis.
578 287 649 359 III.
708 300 769 384 165

95 416 253 465 cessaretur
274 448 282 477 ,
313 408 389 467 velut
410 428 507 487 parens
528 412 659 470 omnium
681 434 776 493 popu-

96 486 144 544 lus
164 490 296 546 vacantia
318 508 423 549 teneret
444 513 450 545 ε
472 488 522 549 sed
542 490 624 551 altilis
645 514 776 573 penetra-

98 566 175 625 bant
200 590 210 637 5
242 569 417 650 urbemque,
436 579 464 630 &
487 570 626 644 ltaliam,
649 584 678 633 &
701 576 780 656 quod

97 666 223 727 usquam
235 650 358 720 civium,
369 654 558 731 corripuerant
577 677 584 710 :
605 656 778 715 multorum·

100 749 160 809 que
177 730 261 788 excisi
273 728 358 809 status
373 754 381 788 t
398 740 426 790 &
443 752 530 791 terror
544 736 675 794 omnibus
686 738 780 797 inten-

100 810 246 881 tabatur3
271 813 302 869 ni
318 812 450 871 Tiberius
470 812 616 873 statuendo
633 818 779 889 remedio„
855 843 858 849 ·

101 892 232 971 quinque
263 892 469 962 consularium,
494 897 618 976 quinque
643 918 657 954 e
680 918 782 977 praeto·

100 972 179 1043 riis‚
202 972 321 1031 totidem
348 994 363 1031 e
391 994 481 1033 cetero
505 996 602 1036 senatu
626 997 698 1037 sorte
722 979 779 1039 du-

103 1054 212 1125 xisset,
238 1053 311 1132 apud
333 1076 404 1135 quos
423 1056 542 1115 exsoluti
567 1058 691 1139 plerique
709 1061 781 1143 legis

101 1154 195 1193 nexus
223 1134 367 1196 modicum
395 1137 424 1196 in
450 1157 563 1218 praesens
588 1140 781 1203 levamentum

99 1213 191 1277 fuere.

106 1342 109 1349 .
148 1292 259 1357 XXIX.
283 1298 336 1357 Pet
357 1298 432 1359 idem
452 1316 562 1379 tempus
582 1300 782 1372 Neronem‚e

103 1377 204 1439 liberis
228 1378 410 1451 Germanici,
427 1386 485 1461 jam
507 1382 660 1463 ingressum
678 1389 780 1460 juven-

105 1478 194 1527 tam,
218 1462 428 1520 commendavit
447 1462 594 1539 patribus3
617 1483 702 1542 utque
723 1486 784 1522 mu-

105 1558 171 1601 nere
184 1544 340 1615 capessendi
353 1542 565 1620 vigintiviratus
578 1542 783 1614 soluentium&

105 1623 291 1698 quinquennio
301 1623 449 1692 maturius,
458 1623 537 1701 qutim
540 1628 683 1701 perleges,
694 1646 782 1701 quas-

107 1720 202 1763 turam
218 1722 342 1776 peteret,
361 1726 419 1763 non
435 1706 493 1763 sine
509 1704 594 1763 inrisu
610 1704 784 1765 audientium

108 1781 264 1863 postulavit
289 1808 295 1841 :
319 1786 504 1865 pretendebat
528 1786 585 1843 sibi
605 1806 683 1862 acque
695 1788 785 1864 fratri

109 1868 218 1925 decreta
235 1868 340 1935 eadem,
349 1886 455 1939 petente
465 1867 585 1947 Augusto
605 1892 615 1926 .·
636 1867 683 1925 sed
694 1888 785 1948 neque

111 1966 176 2006 tum
192 1945 276 2005 fuisse
294 1946 500 2017 dubitaverim,
515 1949 564 2026 qui
575 1946 714 2024 ejusmodi
728 1969 785 2026 pre-

111 2048 156 2087 ces
167 2028 274 2085 occulti
287 2028 441 2088 inluderent
454 2052 460 2084 ι
473 2048 612 2086 aeramen
629 2030 711 2087 initia
729 2028 786 2089 fas-

112 2110 180 2191 tigii
194 2107 351 2169 Caesaribus
364 2130 442 2169 erant
461 2132 467 2165 ι
488 2109 633 2188 magisque
649 2110 679 2165 in
697 2110 786 2169 oculis

111 2208 199 2250 vetus
216 2208 299 2258 mos,
322 2198 349 2247 &
372 2191 506 2272 privignis
530 2210 594 2247 cum
617 2189 718 2248 vitrico
739 2191 786 2247 le-

112 2272 177 2329 uior
209 2268 409 2339 necessitudo,
440 2268 526 2351 quam
556 2290 611 2329 avo
640 2270 787 2332 adversum

113 2356 259 2431 nepotem.
294 2350 416 2412 Additur
446 2349 653 2431 pontificatus,
676 2360 788 2433 &quo

113 2432 240 2513 primum
262 2430 307 2490 die
326 2432 418 2491 forum
438 2435 573 2516 ingressus
592 2431 647 2503 est,
670 2452 723 2491 con
745 2437 788 2493 ia-

115 2515 190 2572 rium
215 2512 312 2593 plebi,
330 2512 484 2572 admodum
504 2515 592 2584 laetae,
611 2513 689 2594 quod
709 2454 786 2573 (ier-

115 2596 224 2653 manici
243 2593 355 2673 stirpem
378 2599 436 2672 jam
454 2594 586 2673 puberem
604 2594 787 2672 adspiciebat.

116 2676 241 2735 Andrum
269 2672 370 2733 dehinc
392 2674 550 2757 gaudium,
573 2675 676 2754 nuptiis
696 2674 789 2733 Nero-

118 2757 160 2819 nis
174 2765 202 2817 &
215 2757 231 2816 J
234 2756 294 2819 uliae
309 2756 394 2817 Drusi
407 2753 477 2818 filiae.
491 2758 589 2838 thue
601 2753 658 2815 baec
668 2754 789 2816 secundo
