2075 3659
94 285 777 341 w

113 450 766 548 BREVIARIUM
855 541 858 546 ,

208 639 672 710 zsoutonsnt.

98 774 159 891 Α
168 858 189 894 u
200 856 219 891 c
230 853 270 894 os
283 856 302 893 τ
313 855 355 894 os
376 834 457 897 Nola
475 854 589 896 mortem
606 833 673 893 obit.
698 827 783 893 Tibe·

97 940 156 997 rius
176 940 315 1009 succedit,
337 940 412 999 tardi
429 938 456 1000 Ee
475 942 629 1014 cupidinem
646 941 780 1002 dissimu-

98 1044 171 1101 lans.
183 1044 361 1103 Pannonicas
375 1046 399 1103 le
417 1048 493 1103 iones
506 1064 561 1103 tres
571 1046 669 1123 grauis
681 1046 783 1103 seditio

96 1146 224 1219 incessit
234 1148 297 1217 Ea,
311 1069 500 1207 missozruso
509 1148 615 1217 Tiberii
619 1149 704 1227 filio,
716 1170 782 1227 agre

97 1253 280 1330 componitur,
289 1253 365 1311 Idem
377 1254 407 1311 in
418 1252 571 1311 Germania
582 1253 712 1329 inferiore
722 1275 782 1311 mo-

97 1373 159 1426 tus,
171 1356 218 1431 qui
228 1356 370 1425 consedit,
382 1379 436 1415 non
447 1358 507 1415 sine
518 1358 651 1435 sanguine
663 1354 690 1416 ἃ
703 1360 782 1417 cade.

75 1526 77 1531 ,
99 1460 285 1519 Germanicus
309 1463 400 1519 Casae
414 1461 444 1517 in
467 1460 565 1542 hostem
577 1461 652 1518 ducit
671 1485 681 1517 .·
702 1482 784 1537 eaque

95 1542 269 1639 expeditione
291 1562 389 1622 Marsi
407 1610 419 1633 ,
449 1562 614 1633 Tubantes,
635 1564 761 1623 Bruiieri
770 1610 783 1635 ,

104 1668 236 1743 Usipetes
250 1670 352 1749 ouflati
364 1686 411 1727 aut
422 1669 494 1727 cusi.
505 1666 708 1748 JuliuAugusti
714 1668 784 1745 filia

96 1772 201 1853 Rhegii
210 1775 300 1833 vitam
309 1774 400 1851 finiit.
416 1772 532 1831 Sodales
542 1774 572 1831 in
584 1772 710 1831 honorem
717 1772 782 1831 Au-

93 1880 164 1959 gusti
173 1924 186 1947 ,
203 1874 230 1936 f?
245 1875 466 1959 ludiAuguflales
487 1877 615 1958 instituti.
634 1877 782 1937 Germani-

97 2002 143 2040 cus
163 1984 264 2039 iterum
282 1980 406 2039 Rhenwn
427 1981 618 2049 transmittit,
635 1982 666 2039 in
691 1984 784 2040 Cattos

99 2089 190 2145 ducit:
200 2108 297 2165 agros,
309 2088 401 2144 domos
411 2131 422 2154 ,
432 2084 573 2153 nomines,
586 2086 694 2165 vastat,
704 2086 760 2143 urit
768 2133 781 2156 ,

96 2192 187 2249 cadit.
208 2188 326 2272 Segestes
343 2189 483 2249 obsidione
491 2185 622 2246 Arminii
639 2168 780 2249 liberatur.

101 2296 150 2357 Ob
181 2296 236 2356 ltac
264 2296 417 2371 Imperator
443 2298 639 2357 consalutatus.
673 2296 784 2355 Bellum

92 2404 196 2465 deinde
208 2404 238 2461 in
253 2401 398 2463 Chenocos
406 2404 514 2484 gestum.
526 2401 660 2479 Reliquia
672 2400 705 2461 V
700 2401 745 2459 ari
755 2397 783 2459 ἃ

92 2508 224 2567 militum
235 2508 323 2565 labia:
337 2506 424 2583 iisque
434 2528 559 2580 suprema
569 2506 669 2565 soluta.
681 2504 784 2562 Roma·

91 2610 137 2674 ni
156 2610 186 2668 in
203 2612 312 2681 reditu,
327 2608 376 2669 sub
394 2609 498 2669 Cacina
516 2613 580 2669 duce
590 2656 602 2679 ,
615 2609 779 2683 periclitati.

100 2707 213 2778 Tamen
222 2714 306 2797 hostes
309 2737 440 2793 prospera
448 2716 586 2792 eruptione
587 2713 654 2792 fusi
660 2759 671 2782 ,
674 2713 781 2793 fiegati.

59 2888 68 2903 ·
141 2806 230 2884 Toto.
252 2819 276 2883 I.
637 2815 665 2880 Α
