2075 3659
258 302 506 373 Anrrrwn
531 306 616 373 Lrs.
640 305 671 373 1.
749 326 762 371 ι
771 329 792 392 9

109 424 172 484 sine
192 424 301 505 repulsa
324 432 352 483 δι
377 422 489 484 ambitu
516 422 713 506 designandos
738 421 792 483 lu·

110 526 153 566 ter
173 526 234 587 quae
254 506 359 565 tribuni
381 504 474 587 plebei
515 506 642 574 etivere,
667 523 699 564 ut
722 524 791 583 pro-

108 588 172 667 prio
194 607 308 665 sumptu
326 586 439 645 ederent
456 525 561 655 ludos,
578 587 628 669 qui
644 585 679 644 de
697 586 795 645 nomi-

108 689 145 727 ne
157 666 279 752 Augusti
291 714 300 739 ‚
314 664 390 727 fastis
408 666 518 738 additi,
531 668 693 746 Augustales
706 686 795 727 voca-

107 768 205 810 rentur
228 748 304 809 :sed
332 748 443 809 decreta
468 750 588 828 pecunia
614 768 648 807 ex
674 748 771 807 :erario
783 792 794 819 ,

107 852 198 913 utque
212 850 259 911 per
273 830 393 891 Circum
410 827 575 909 triumphali
593 826 667 887 velle
685 848 794 889 uteren-

108 932 155 972 tur
174 936 180 969 :
200 932 279 971 curru
293 908 361 972 vehi
377 909 452 971 haud
470 912 645 991 permissum.
659 910 734 969 Mox
750 928 794 969 ce·

105 994 231 1054 lebratio
258 1014 383 1056 annuum
410 992 447 1053 ad
466 1012 612 1073 praetorem
632 993 762 1053 transsrta
780 1034 793 1061 ,

106 1077 156 1134 cui
190 1077 261 1136 inter
292 1078 366 1135 cives
393 1082 421 1136 δε
447 1075 608 1159 peregrinos
636 1072 793 1155 jurisdictio

106 1159 255 1218 evenisset.

150 1238 246 1299 XVI.
259 1238 317 1299 Hic
328 1258 419 1299 rerum
430 1238 601 1297 urbanarum
611 1232 697 1296 stitus
709 1257 769 1297 crat
780 1250 795 1311 ‚'

108 1342 201 1401 quum
223 1321 398 1380 Pannonicas
419 1321 546 1413 legiones
565 1319 667 1377 seditio
696 1321 789 1378 inces-

12 1420 16 1427 “
106 1402 146 1461 sit
163 1425 169 1457 :
188 1402 270 1461 nullis
283 1403 363 1462 novis
379 1422 487 1472 causis,
505 1400 558 1460 nrsi
569 1397 647 1480 quod
667 1420 791 1462 mutatus

107 1484 239 1563 princeps
265 1483 409 1543 licentiam
435 1480 606 1551 turbarum,
631 1489 658 1540 δι
685 1500 718 1539 ex
743 1482 789 1538 ci·

107 1564 162 1623 vili
193 1563 268 1622 bello
298 1582 375 1642 spem
405 1564 582 1643 premiorum
616 1558 789 1623 ostendebat.

109 1642 219 1705 Castris
241 1642 338 1705 estivis
365 1664 418 1703 tres
440 1643 524 1703 simul
546 1644 671 1725 legiones
695 1639 788 1701 habe·

110 1725 234 1795 buntur,
253 1724 413 1807 praesidente
430 1724 515 1787 lunio
532 1724 620 1799 Blaeso
638 1748 645 1780 :
664 1724 715 1805 qui
733 1722 789 1784 fine

108 1804 255 1903 Augusti,
275 1816 302 1867 &
317 1808 404 1867 initiis
418 1806 529 1865 Tiberii
549 1804 671 1875 auditis,
691 1805 730 1863 ob
748 1810 789 1882 ju-

107 1886 218 1950 stitrutn
240 1888 444 1975 teotgaudium
466 1936 475 1962 ,
496 1888 682 1952 intermiserat
704 1887 789 1949 solita

108 1974 218 2033 munia.
237 1971 283 2031 Eo
303 1974 440 2053 principio
461 1974 586 2032 lascivire
606 1972 713 2041 miles,
736 1970 790 2031 dis·

109 2052 226 2113 cordate
252 2099 262 2125 ,
303 2054 415 2134 pessimi
448 2060 580 2133 cujusque
615 2052 790 2113 sermonibus

107 2134 229 2215 praebere
257 2154 357 2204 aures,
384 2134 504 2213 denique
524 2135 622 2193 luxum
645 2142 673 2192 δι
695 2134 787 2193 otium

107 2236 233 2301 cupere,
253 2215 430 2296 disciplinam
447 2224 474 2274 ὁ(
495 2214 621 2273 laborem
639 2217 786 2295 aspernari.

107 2297 181 2357 Erat
203 2298 233 2359 in
261 2294 352 2357 castris
378 2298 542 2357 Percennius
570 2296 709 2379 quidam,
732 2296 788 2356 dux

107 2379 181 2437 olim
208 2376 388 2439 theatralium
411 2400 557 2458 operarum
572 2425 584 2449 ‚
604 2378 670 2437 dein
690 2398 789 2461 grega-

107 2461 166 2520 rius
183 2459 284 2529 miles,
300 2480 402 2539 procax
419 2460 537 2542 lingua,
555 2468 583 2520 δι
602 2462 715 2518 miscere
734 2480 788 2517 eoe·

109 2561 154 2601 tus
176 2538 331 2603 histrionali
351 2540 441 2601 studio
465 2542 570 2601 dodius.
594 2541 621 2600 Is
643 2541 788 2620 imperitos

108 2624 239 2693 animos,
259 2631 285 2682 &
303 2644 430 2704 quterram
450 2620 511 2702 post
527 2620 685 2703 Augustum
705 2621 786 2679 mili·

107 2704 154 2763 tiae
173 2702 300 2763 conditio
320 2704 495 2786 ambigentes
515 2750 526 2773 ,
547 2703 688 2782 impellere
708 2702 789 2781 prul·

102 2786 191 2847 latim
215 2787 358 2849 nouurnis
381 2784 562 2870 conloquiis,
585 2804 634 2845 aut
661 2785 733 2844 flexo
757 2786 788 2847 in
