2075 3659
512 128 565 192 “x

182 281 431 370 AuuArrvrr
455 296 540 366 rm.
565 293 634 366 IV.
688 305 753 387 265

115 421 225 482 LXXI.
244 420 288 480 Ni
303 417 377 478 mihi
387 416 563 478 destinatum
578 415 668 487 foret,
683 438 764 478 suum

41 501 195 586 'queque
217 504 248 561 in
264 522 371 560 annum
387 499 508 570 referre,
529 498 631 559 avebat
650 499 761 560 animus

54 587 203 654 anteire,
217 581 370 663 statimque
387 601 548 640 memorare
567 581 670 651 exitus,
689 602 762 666 quos

56 667 208 726 Latinius
235 682 320 744 atque
345 663 476 742 Opsius,
498 663 636 741 ceterique
656 663 760 745 flagitii

56 753 131 826 ejus
153 764 306 825 repertores
330 741 469 814 habuere,
494 765 554 802 non
576 740 666 803 morlo
687 741 760 822 post-

57 848 164 910 quam
182 827 220 887 C.
236 825 332 886 Caesar
351 846 445 884 rerum
463 827 571 904 potitus
586 821 640 894 est,
652 824 702 884 sed
715 826 760 886 in

60 909 185 968 columi
203 906 324 966 Tiberio
347 907 421 986 :qui
441 906 576 966 scelerum
600 903 759 978 ministros,

58 1010 100 1049 ut
118 991 239 1068 perverti
254 988 291 1047 ab
307 987 370 1049 aliis
387 986 522 1057 nolebat,
540 989 580 1045 ita
596 987 760 1068 plerumque

61 1072 219 1141 satiatus,
244 1078 271 1129 &
296 1068 400 1128 oblatis
429 1070 459 1128 in
487 1067 621 1128 eamdem
641 1089 758 1147 operatu

60 1151 255 1221 recentibus,
275 1169 380 1208 veteres
403 1157 431 1208 &
450 1169 602 1243 praegreves
623 1148 757 1210 adflixit:

61 1230 173 1294 vestim
192 1229 242 1290 lias
260 1250 344 1311 atque
358 1231 430 1289 alias
443 1250 570 1289 sontium
589 1251 707 1309 poenas,
726 1232 757 1294 iu

60 1333 202 1392 ternpore
228 1311 377 1373 trademus.
404 1310 483 1369 Tum
512 1313 618 1370 censuit
642 1313 758 1374 Asinius

63 1395 199 1464 Gallus,
226 1397 302 1472 cujus
333 1392 485 1453 liberorum
511 1392 669 1474 Agrippina
694 1413 757 1452 ma-

64 1495 177 1536 tertera
192 1493 268 1544 erat,
281 1476 427 1549 petendum
441 1496 459 1530 a
465 1475 610 1547 principe,
621 1492 652 1530 ut
670 1493 758 1534 metus

62 1580 139 1616 suos
159 1556 268 1616 senatui
275 1556 434 1632 fateretur,
454 1555 626 1630 amoverique
641 1554 754 1614 sineret.

63 1639 197 1699 Nullam
222 1637 300 1716 aequl
326 1634 480 1705 Tiberius,
507 1654 538 1694 ut
565 1635 695 1706 rebatur,
720 1658 756 1697 ex

63 1719 224 1779 virtutibus
243 1719 315 1786 suis,
336 1715 422 1797 quim
439 1715 692 1776 dissimulationem
710 1717 758 1777 di·

65 1800 185 1884 ligebat
214 1822 222 1854 ε
249 1796 284 1856 eb
316 1796 415 1881 aegritis
433 1800 540 1878 accepit
564 1798 667 1858 recludi
692 1820 754 1880 que:

66 1898 213 1962 premeret
241 1902 249 1936 ε
279 1879 327 1939 sed
355 1881 499 1961 mitigavit
528 1879 665 1958 Sejanus,
694 1881 762 1941 non

64 1963 161 2023 Galli
194 1979 313 2030 amore,
344 1959 464 2030 verum,
495 1978 526 2017 ut
563 1961 758 2022 cunctationes

67 2044 208 2124 principis
230 2043 399 2122 aperirentur
428 2064 433 2096 :
462 2061 564 2122 gnarus
592 2039 700 2100 lentum
724 2043 756 2103 iu

67 2122 242 2184 meditando
250 2146 259 2191 3
278 2121 328 2186 ubi
339 2123 520 2200 prorupisset,
537 2117 658 2180 tristibus
672 2121 758 2184 diuis

68 2206 183 2265 atrocia
201 2203 277 2262 falla
290 2206 466 2283 conjungere.
483 2202 538 2260 Per
553 2201 629 2260 idem
643 2220 754 2282 tempus
784 2251 787 2260 .

68 2287 153 2347 Julia
180 2302 302 2343 mortem
329 2281 424 2353 obiit,
446 2303 533 2362 quam
559 2301 671 2363 neptem
696 2285 753 2346 Au·

66 2367 190 2450 gustus,
209 2366 369 2424 convictam
388 2363 535 2436 adulterii,
550 2365 752 2439 damnaverat,

68 2455 283 2530 projeceratque
297 2448 327 2505 in
341 2447 460 2504 insulam
477 2446 658 2518 Trimerum,
675 2445 752 2508 haud

70 2529 176 2610 procul
213 2528 313 2607 Apulis
344 2527 485 2587 littoribus
520 2551 527 2584 ι
559 2527 616 2588 illic
647 2530 752 2612 viginti

72 2611 161 2670 annis
195 2610 325 2668 exsilium
351 2605 508 2678 toleravit,
534 2606 666 2690 Augustae
697 2630 753 2688 ope

71 2690 250 2752 pullenum:
273 2710 334 2769 quae
353 2689 481 2747 florentes
501 2690 644 2771 privignos
664 2711 753 2770 quum

41 2811 48 2821 .
77 2771 295 2914 petTocculItum
313 2768 507 2843 subvertisset,
531 2771 753 2912 mrsepprordiam

149 2875 203 2914 omo
243 2895 252 2915 ο
