2075 3659
262 268 509 339 nomon
534 271 618 340 Lm.
644 274 675 341 I.
754 298 797 363 43

118 390 242 467 plebem,
265 392 393 452 inualida
417 389 444 452 ὃ·
468 394 610 463 inermia,
635 386 804 453 eunllatione

116 472 188 553 filla
205 472 380 549 ludificetur,
405 475 542 533 dissideat
565 474 678 534 interim
701 476 804 545 miles,

124 575 207 629 neque
221 556 330 611 duorum
346 556 556 613 adolescentium
577 558 695 613 nondum
709 558 806 613 adulta

124 636 286 693 aulloritate
300 636 444 709 comprimi
462 655 569 711 queat:
590 638 631 695 ire
649 638 757 709 ipsum,
778 630 805 695 ft

123 737 256 789 opponere
274 718 440 797 majestatem
461 718 666 791 imperatoriam
683 716 806 777 debuisse

123 797 265 867 cessuris,
285 796 332 855 ubi
347 800 500 871 principem
516 800 599 876 longd
619 798 804 871 experientid,

123 881 295 955 eumdemque
311 880 471 938 severitatis
487 876 514 939 ἃ
527 879 720 956 munificentia
734 901 806 937 sum

124 981 228 1028 mum}
237 960 384 1019 vidissent.
405 958 454 1019 An
470 958 619 1040 Augecjlum
628 960 710 1037 fessa
727 977 806 1021 atate

124 1040 229 1099 totiens
250 1042 280 1097 in
304 1038 471 1099 Germanias
491 1062 639 1100 commeate
657 1042 804 1115 potuisse,

131 1120 275 1179 Tiberium
292 1123 429 1200 vigentem
442 1122 525 1181 annis
537 1125 628 1181 sedere
642 1123 672 1180 in
687 1142 805 1195 senatu,

124 1200 210 1263 uerba
228 1220 339 1276 patrum
359 1204 564 1275 cavillantem?
582 1204 655 1261 satis
675 1224 805 1277 prospec-

126 1303 185 1341 tum
201 1282 309 1342 urbana
334 1285 465 1345 servituti
484 1310 494 1343 .·
515 1283 684 1343 militaribus
700 1285 806 1345 animis

124 1362 281 1425 adhibenda
287 1365 433 1442 fomenta,
447 1384 477 1422 ut
482 1365 559 1441 ferre
567 1386 662 1438 pacem
675 1364 774 1423 velint.

167 1444 293 1504 XLVII.
311 1445 470 1505 Immotum
488 1445 617 1505 adversus
631 1466 679 1505 eos
692 1464 803 1503 sermo-

125 1547 175 1589 nes
195 1524 340 1607 fixumque
360 1527 480 1585 Tiberio
500 1524 577 1594 fuit,
596 1548 656 1585 non
674 1526 806 1587 omittere

127 1628 213 1687 caput
237 1610 345 1679 retum,
367 1629 457 1687 neque
478 1628 505 1667 se
526 1628 641 1687 temque
662 1606 805 1685 publicam

126 1690 157 1757 in
180 1710 276 1749 casum
300 1688 373 1749 dare.
395 1690 490 1749 Multa
511 1691 615 1771 quippe
642 1696 671 1749 &
697 1687 806 1748 diversa

126 1770 275 1853 angebant
298 1794 303 1826 :
323 1772 448 1832 ualidior
460 1792 511 1843 per
532 1770 713 1830 Germaniam
727 1791 806 1829 exer·

127 1852 198 1911 citus
210 1852 422 1927 ,propiorapud
429 1852 624 1912 Pannoniam:
636 1852 684 1909 ille
697 1850 807 1909 Gallia·

128 1956 188 1993 rum
201 1933 298 2007 opibus
311 1934 460 2003 subnixus,
474 1932 519 1992 bic
532 1934 624 1992 Italia
636 1933 805 1992 imminens:

127 2036 193 2093 quos
208 2015 297 2091 igitur
310 2016 476 2093 anteferret?
488 2038 537 2085 ac,
547 2036 580 2072 ne
587 2013 731 2091 polipositi
741 2034 805 2070 ton·

126 2097 245 2155 tumelid
257 2096 469 2171 incenderentur.
487 2093 530 2154 At
543 2116 595 2167 per
606 2094 686 2169 filios
701 2092 811 2165 pariter

127 2178 372 2257 adirismajeflate
385 2177 483 2245 salva,
502 2175 546 2233 tui
565 2175 655 2254 major
670 2174 807 2251 elongin·

128 2280 179 2336 quo
195 2259 348 2319 reverentia
366 2283 376 2316 :
392 2258 481 2327 simul
496 2255 709 2315 adolescentibus
724 2276 806 2313 extu,

127 2359 221 2401 satum
245 2342 363 2416 quadam
380 2343 419 2399 ad
435 2357 543 2413 patrem
562 2338 671 2417 rejicere
692 2361 703 2395 .·
726 2337 807 2395 resis-

128 2422 265 2499 tentisque
288 2421 469 2489 Germanico,
490 2438 538 2478 aut
557 2418 669 2488 Druso,
689 2438 769 2491 posse
788 2438 807 2475 a

127 2527 159 2563 se
173 2503 301 2579 mitigari
316 2504 363 2563 vel
378 2502 497 2579 infringi
514 2524 525 2558 .·
541 2502 612 2575 quod
622 2500 702 2557 aliud
714 2496 807 2555 subsi-

128 2585 260 2654 dium,si
267 2584 454 2657 imperatorem
461 2575 808 2656 sprevisseotiCetenim,

128 2685 160 2725 ut
177 2670 234 2729 iam
248 2669 362 2744 jamque
373 2665 459 2722 iturus
472 2708 483 2731 ,
497 2664 569 2744 legit
588 2662 723 2727 comites,
738 2678 809 2718 con·

128 2748 248 2833 quisivit
271 2744 497 2828 impedimenta,
518 2742 667 2805 adornavit
691 2760 807 2804 navest
