2075 3659
207 274 456 369 AuuArr'uu
480 300 566 370 Lm.
591 302 660 371 IV.
719 302 783 392 23'1

99 407 271 465 ‘senatorem
292 396 441 469 stamitur,
465 416 603 476 tamquam
618 400 710 477 falsis
731 424 791 461 ma-

92 482 214 564 jesta-tis
223 478 383 539 criminibus
389 501 507 539 sororem
509 481 669 554 petivisset.
680 480 791 555 Catus,

102 584 142 623 ut
168 564 284 631 retuli,
312 560 454 620 Libonem
487 562 624 622 inlexerat
654 562 789 635 insidiis,

102 643 213 705 deinde
248 642 357 703 indicio
388 642 542 723 perculerat
572 666 582 701 x
611 648 670 722 ejus
699 664 791 724 operar

106 747 224 785 memor
251 724 409 793 Tiberius,
432 722 479 784 sed
508 725 564 785 alia
593 724 791 804 pretendens,

105 810 242 867 exsilium
262 806 422 887 deprecatus
441 804 479 865 est
499 828 506 863 r
524 809 676 888 quominus
693 825 792 868 senatu

111 889 282 970 pelleretur,
306 909 365 947 uon
383 886 501 947 obstitit.
778 904 783 912 '

151 968 281 1029 XXXII.
309 969 444 1050 Pleraque
477 990 575 1029 eorum
598 990 661 1051 qut
683 970 765 1029 retuli
778 1014 791 1039 ,

112 1072 233 1132 querque
252 1050 391 1121 referam,
411 1072 494 1131 parva
514 1050 653 1120 forsitan,
669 1060 699 1111 &
717 1053 791 1111 levia

28 1154 31 1161 ·
108 1152 275 1192 memoratu
295 1131 405 1201 videri,
425 1154 484 1193 uon
506 1134 614 1192 nescius
634 1152 721 1191 sum:
743 1133 792 1192 sed

105 1236 198 1277 nemo
214 1214 338 1291 Annales
349 1214 458 1273 nostros
470 1234 538 1273 cum
546 1216 679 1293 scriptura
690 1233 790 1272 eorum

105 1294 310 1368 contenderit,
346 1297 396 1376 qui
423 1298 525 1355 vereris
547 1294 645 1375 populi
665 1295 793 1354 Romani

110 1399 156 1438 res
185 1397 373 1459 composuere.
397 1376 529 1459 Ingentia
550 1376 593 1433 issi
616 1375 711 1443 b'eIIa,
737 1396 791 1433 ex-

107 1461 303 1545 pugnationes
325 1459 458 1528 urbium,
478 1456 558 1517 fusos
574 1476 727 1537 captosque
749 1472 794 1515 re'-

109 1563 187 1625 ges,
207 1562 274 1612 aut,
300 1538 457 1621 siquando
478 1538 514 1599 ad
540 1541 650 1601 interna
678 1557 795 1617 praeuer·

97 1630 220 1695 retent,
239 1620 391 1683 discordias
411 1622 559 1680 consulum
578 1619 724 1679 adversum
746 1620 795 1678 tri-

108 1704 226 1775 bunos,
257 1706 378 1787 agrarias
407 1701 658 1781 frumentariasque
689 1701 794 1781 leges,

109 1785 205 1868 plebis
232 1794 259 1845 u
285 1786 470 1865 optimatIum
500 1784 679 1851 certamina,
703 1782 797 1841 Iibero

110 1888 225 1951 egressu
235 1865 555 1933 memorabant.,Nobis
568 1868 597 1923 in
614 1882 693 1931 arto,
709 1872 736 1923 &
752 1865 797 1923 in-

134 1950 221 2008 lorius
235 1948 325 2008 labor.
342 1947 468 2007 Immora
480 1949 603 2027 quippe,
621 1964 670 2004 aut
680 1944 796 2002 modice

110 1970 310 2169 Incessitufax
321 2074 329 2099 ,
342 2026 445 2087 moeste
462 2028 538 2086 urbis
549 2046 592 2085 res
601 2072 613 2095 ‚
625 2034 653 2085 &
667 2026 797 2104 princeps

109 2110 275 2194 profereni
305 2110 416 2189 imperii
440 2110 594 2166 incuriosus
622 2125 689 2168 erar.
724 2106 796 2165 Non

111 2213 213 2255 tamen
236 2193 296 2250 sine
318 2211 368 2248 usu
394 2187 498 2259 fuerit,
522 2188 702 2267 introspicere
726 2187 797 2258 issa,

111 2277 208 2357 primo
228 2271 361 2352 adspediu
383 2270 476 2339 levia,
494 2290 528 2329 ex
547 2272 611 2351 quis
625 2288 795 2352 magnarum

111 2377 188 2438 saepe
209 2374 300 2413 rerum
319 2372 414 2413 motus
431 2355 569 2413 oriuntur.

154 2436 297 2497 XXXIII.
321 2435 401 2495 Nam
417 2437 530 2495 condias
544 2435 678 2494 nationes
702 2440 730 2491 δε
751 2452 797 2489 um

112 2518 164 2579 bes
186 2518 329 2598 populus,
357 2536 406 2576 aut
434 2518 588 2653 ffirimores,
615 2534 665 2574 eut
689 2512 799 2593 singuii

110 2622 141 2662 re
165 2619 216 2659 unt
236 2622 243 2655 ι
262 2598 369 2659 deIedia
386 2618 419 2655 ex
460 2599 483 2654 is
505 2604 532 2655 δι
552 2597 714 2654 consociata
733 2594 793 2649 reia

112 2622 181 2764 poi).
204 2679 318 2750 forma,
337 2676 445 2737 laudari
465 2673 593 2745 facilius,
616 2672 702 2754 quim
721 2693 793 2732 eve·

115 2766 198 2835 nire,
221 2763 267 2824 vei
292 2762 315 2823 si
331 2761 453 2831 evenit,
478 2756 555 2819 haud
577 2756 709 2817 diuturna
733 2774 795 2843 esse
