2075 3659
253 278 300 337 66
377 271 413 338 C.
443 270 590 337 cons.
622 268 804 335 TAcirr

177 447 183 463 ,
251 409 392 452 noscatur.
418 388 536 447 Falanio
572 384 727 465 objiciebat
760 398 935 459 accusatot‚'

231 474 324 548 „quud
340 473 414 531 inter
431 471 546 529 cultores
563 466 699 549 Augusti,
720 469 766 544 qui
775 490 829 541 per
839 491 934 529 omncs

252 557 346 613 domos
369 554 399 611 in
424 554 532 609 modum
551 550 723 629 collegiorum
747 548 934 621 habebantur,

255 637 382 694 Cassium
394 636 534 711 quemdam
547 632 660 689 mimum
674 652 782 705 corpure
800 632 934 709 infamem
1023 642 1024 645 ’

252 716 435 777 adscivisset:
446 716 564 792 quidque
571 714 695 775 uenditis
702 712 791 771 honis
798 716 935 792 ‚statuam

251 798 369 879 Augusti
384 798 473 856 simul
483 797 676 869 mancipasset.
696 794 806 853 Rubrio
819 796 934 855 crimini

253 879 374 939 dabatur
392 880 528 939 uiolatum
542 877 664 956 perjurio
686 898 783 935 nomen
802 874 932 959 Augusti.

253 960 326 1036 Quae
344 960 394 1019 ubi
413 959 534 1020 Tiberio
555 978 686 1027 notuete,
701 957 810 1037 scripsit
825 980 932 1018 consu-

253 1042 327 1101 libus
342 1064 349 1098 :
365 1042 432 1100 Non
444 1041 504 1100 ideo
516 1043 648 1101 decretum
657 1041 735 1114 patri
747 1060 798 1097 suo
814 1040 912 1098 coelum
922 1086 934 1112 ,

253 1142 284 1181 ut
294 1124 325 1181 in
339 1124 489 1196 pernicicm
504 1123 609 1181 civium
629 1123 655 1181 is
668 1120 756 1179 honor
768 1138 931 1183 uerteretur.

257 1205 384 1263 Cassium
397 1197 553 1283 histrionem
565 1206 678 1263 solitum
691 1203 847 1261 interalios
858 1205 933 1283 ejus-

253 1288 313 1345 dcm
325 1286 395 1343 artis
410 1285 541 1349 iuteresse
553 1286 626 1343 ludis
637 1331 648 1354 ‚
660 1306 725 1361 quos
736 1302 827 1343 mater
837 1306 889 1343 sua
902 1286 934 1343 iu

253 1368 412 1424 memoriam
423 1367 538 1447 Augusti
549 1386 694 1425 sacrasset.
711 1366 771 1425 Nec
782 1383 878 1424 contra
889 1388 934 1425 rc-

253 1448 371 1523 ligioncs
378 1448 460 1525 fieri,
478 1449 551 1525 quid
564 1446 663 1525 effigies
674 1448 749 1527 ejus,
763 1466 794 1505 ut
808 1448 869 1505 alia
883 1469 933 1505 nu-

253 1528 359 1587 minum
375 1530 549 1598 simulacra,
570 1529 776 1589 venditionibus
793 1527 934 1588 humorum

255 1607 282 1668 t&
307 1612 432 1669 domuum
449 1613 585 1669 accedant,
608 1610 804 1687 Iusiurandum
818 1612 934 1683 pesiude

253 1691 457 1770 estimandum,
482 1690 562 1767 quim
587 1692 616 1749 si
637 1690 734 1753 Iovem
744 1691 899 1769 ftfellisset
926 1712 935 1749 t

254 1776 362 1831 deorum
383 1773 503 1851 injurias
523 1773 581 1833 diis
600 1794 676 1831 curu.

296 1852 433 1913 LXXIV.
449 1852 512 1912 Nec
525 1851 616 1913 multb
630 1850 692 1933 pbst
705 1853 846 1913 Granium
855 1854 937 1915 Mar·

255 1933 359 1995 cellum
377 1954 523 2015 ptaetorem
546 1932 685 2013 Bithynis
707 1933 825 2016 quaestor
848 1938 936 2015 ipsius

256 2016 356 2095 Caepio
393 2016 540 2095 Crispinus
572 2015 724 2095 majestatis
757 2016 934 2098 postulavit,

254 2091 444 2158 subscribente
466 2098 600 2157 Romano
625 2098 778 2178 Hispone:
805 2102 854 2180 qui
873 2099 937 2159 for-

255 2198 334 2237 mam
361 2182 425 2239 vitae
446 2180 533 2250 iniit,
560 2201 646 2260 quam
672 2178 936 2259 postearcelebrem

255 2261 371 2317 miseris
394 2281 575 2339 temporum,
597 2260 763 2321 &audaciae
782 2259 937 2323 hominum

256 2339 410 2399 fecerunt:
432 2362 500 2400 nam
522 2363 626 2420 egens,
646 2345 782 2425 ignotus,
802 2345 938 2425 inquies,

256 2421 324 2481 dum
346 2423 463 2482 occultis
480 2423 582 2482 libellis
603 2426 713 2484 saevitiae
732 2426 865 2504 principis
885 2426 939 2487 ad-

222 2551 228 2563 .
254 2506 349 2583 repit,
374 2526 442 2563 mox
468 2504 622 2565 clarissimo
652 2508 752 2587 cuique
778 2509 937 2586 periculum

256 2584 391 2656 facessit,
415 2589 573 2667 potentiam
596 2588 667 2668 apud
694 2610 804 2659 unum,
833 2590 937 2661 odium

256 2669 331 2746 apud
356 2690 455 2728 omnes
476 2669 615 2748 adeptus,
645 2669 722 2729 dedit
750 2672 937 2750 exemplum,

256 2750 335 2830 quod
357 2752 468 2823 secuti,
494 2770 528 2811 cx
552 2752 718 2833 pauperibus
746 2751 877 2825 divites,
900 2774 938 2817 ex
