<?xml version="1.0" encoding="UTF-8"?>
<!DOCTYPE html PUBLIC "-//W3C//DTD XHTML 1.0 Transitional//EN"
    "http://www.w3.org/TR/xhtml1/DTD/xhtml1-transitional.dtd">
<html xmlns="http://www.w3.org/1999/xhtml" xml:lang="en" lang="en">
 <head>
  <title>
</title>
<meta http-equiv="Content-Type" content="text/html;charset=utf-8" />
  <meta name='ocr-system' content='tesseract 3.04.00' />
  <meta name='ocr-capabilities' content='ocr_page ocr_carea ocr_par ocr_line ocrx_word'/>
</head>
<body>
  <div class='ocr_page' id='page_1' title='image "./ccorneliitaciti02lallgoog/ccorneliitaciti02lallgoog_0074.png"; bbox 0 0 2075 3659; ppageno 0'>
   <div class='ocr_carea' id='block_1_1' title="bbox 207 308 755 398">
    <p class='ocr_par' dir='ltr' id='par_1_1' title="bbox 207 308 755 398">
     <span class='ocr_line' id='line_1_1' title="bbox 207 308 755 398; baseline -0.004 -21"><span class='ocrx_word' id='word_1_1' title='bbox 207 335 253 398; x_wconf 85' lang='lat'><em>40</em></span> <span class='ocrx_word' id='word_1_2' title='bbox 332 308 368 377; x_wconf 85' lang='lat' dir='ltr'><em>C.</em></span> <span class='ocrx_word' id='word_1_3' title='bbox 397 309 543 378; x_wconf 71' lang='lat' dir='ltr'><em>coen.</em></span> <span class='ocrx_word' id='word_1_4' title='bbox 575 309 755 377; x_wconf 66' lang='lat' dir='ltr'><em>Tacina</em></span> 
     </span>
    </p>
   </div>
   <div class='ocr_carea' id='block_1_2' title="bbox 136 425 895 2852">
    <p class='ocr_par' dir='ltr' id='par_1_2' title="bbox 137 425 892 1963">
     <span class='ocr_line' id='line_1_2' title="bbox 208 425 892 509; baseline 0.001 -21"><span class='ocrx_word' id='word_1_5' title='bbox 208 426 318 489; x_wconf 67' lang='lat' dir='ltr'><em>senatis</em></span> <span class='ocrx_word' id='word_1_6' title='bbox 337 430 509 489; x_wconf 62' lang='lat' dir='ltr'><em>annositas:</em></span> <span class='ocrx_word' id='word_1_7' title='bbox 531 427 645 508; x_wconf 77' lang='lat' dir='ltr'><em>hostium</em></span> <span class='ocrx_word' id='word_1_8' title='bbox 659 449 757 506; x_wconf 82' lang='lat' dir='ltr'><em>qaoque</em></span> <span class='ocrx_word' id='word_1_9' title='bbox 768 429 837 509; x_wconf 85' lang='lat' dir='ltr'><em>jus,</em></span> <span class='ocrx_word' id='word_1_10' title='bbox 858 425 892 489; x_wconf 68' lang='grc' dir='ltr'><em>δ’</em></span> 
     </span>
     <span class='ocr_line' id='line_1_3' title="bbox 207 506 889 613; baseline -0.002 -44"><span class='ocrx_word' id='word_1_11' title='bbox 207 533 287 570; x_wconf 87' lang='lat' dir='ltr'><em>sacra</em></span> <span class='ocrx_word' id='word_1_12' title='bbox 296 512 458 589; x_wconf 79' lang='lat' dir='ltr'><em>legationis,</em></span> <span class='ocrx_word' id='word_1_13' title='bbox 470 506 552 587; x_wconf 73' lang='lat' dir='ltr'><em>&amp;fas</em></span> <span class='ocrx_word' id='word_1_14' title='bbox 561 510 690 613; x_wconf 78' lang='lat' dir='ltr'><em>gentium</em></span> <span class='ocrx_word' id='word_1_15' title='bbox 698 510 815 591; x_wconf 74' lang='lat' dir='ltr'><em>rupistis.</em></span> <span class='ocrx_word' id='word_1_16' title='bbox 823 511 889 570; x_wconf 90' lang='lat' dir='ltr'><em>Di-</em></span> 
     </span>
     <span class='ocr_line' id='line_1_4' title="bbox 209 591 889 654; baseline -0.006 0"><span class='ocrx_word' id='word_1_17' title='bbox 209 593 370 654; x_wconf 70' lang='lat' dir='ltr'><em>vassilius</em></span> <span class='ocrx_word' id='word_1_18' title='bbox 392 592 554 651; x_wconf 84' lang='lat' dir='ltr'><em>seditionem</em></span> <span class='ocrx_word' id='word_1_19' title='bbox 571 591 705 649; x_wconf 68' lang='lat' dir='ltr'><em>exercitiis</em></span> <span class='ocrx_word' id='word_1_20' title='bbox 728 591 810 652; x_wconf 79' lang='lat' dir='ltr'><em>verbo</em></span> <span class='ocrx_word' id='word_1_21' title='bbox 832 614 889 650; x_wconf 87' lang='lat' dir='ltr'><em>uno</em></span> 
     </span>
     <span class='ocr_line' id='line_1_5' title="bbox 210 673 887 750; baseline -0.001 -18"><span class='ocrx_word' id='word_1_22' title='bbox 210 674 392 747; x_wconf 82' lang='lat' dir='ltr'><em>compescuit,</em></span> <span class='ocrx_word' id='word_1_23' title='bbox 414 673 539 749; x_wconf 85' lang='lat' dir='ltr'><strong>Quirites</strong></span> <span class='ocrx_word' id='word_1_24' title='bbox 558 676 699 742; x_wconf 79' lang='lat' dir='ltr'><em>vocando,</em></span> <span class='ocrx_word' id='word_1_25' title='bbox 721 674 768 750; x_wconf 81' lang='lat' dir='ltr'><em>qui</em></span> <span class='ocrx_word' id='word_1_26' title='bbox 789 695 887 731; x_wconf 83' lang='lat' dir='ltr'><em>sacra-</em></span> 
     </span>
     <span class='ocr_line' id='line_1_6' title="bbox 210 751 889 834; baseline 0.001 -22"><span class='ocrx_word' id='word_1_27' title='bbox 210 774 329 813; x_wconf 80' lang='lat' dir='ltr'><em>mentam</em></span> <span class='ocrx_word' id='word_1_28' title='bbox 348 755 406 834; x_wconf 86' lang='lat' dir='ltr'><em>ejus</em></span> <span class='ocrx_word' id='word_1_29' title='bbox 422 754 611 813; x_wconf 70' lang='lat' dir='ltr'><em>detrettabant.</em></span> <span class='ocrx_word' id='word_1_30' title='bbox 635 754 735 814; x_wconf 76' lang='lat' dir='ltr'><em>Divus</em></span> <span class='ocrx_word' id='word_1_31' title='bbox 749 751 889 834; x_wconf 75' lang='lat' dir='ltr'><em>Augustus</em></span> 
     </span>
     <span class='ocr_line' id='line_1_7' title="bbox 209 834 890 914; baseline -0.006 -17"><span class='ocrx_word' id='word_1_32' title='bbox 209 837 288 897; x_wconf 74' lang='lat' dir='ltr'><em>vultu</em></span> <span class='ocrx_word' id='word_1_33' title='bbox 303 834 446 908; x_wconf 67' lang='lat' dir='ltr'><em>&amp;aspeetu</em></span> <span class='ocrx_word' id='word_1_34' title='bbox 459 834 591 893; x_wconf 71' lang='lat' dir='ltr'><em>Atiiaeas</em></span> <span class='ocrx_word' id='word_1_35' title='bbox 599 836 717 914; x_wconf 79' lang='lat' dir='ltr'><em>legiones</em></span> <span class='ocrx_word' id='word_1_36' title='bbox 730 837 890 893; x_wconf 80' lang='lat' dir='ltr'><em>exterruit:</em></span> 
     </span>
     <span class='ocr_line' id='line_1_8' title="bbox 209 917 889 987; baseline 0.001 -12"><span class='ocrx_word' id='word_1_37' title='bbox 209 938 279 986; x_wconf 92' lang='lat' dir='ltr'><em>nos,</em></span> <span class='ocrx_word' id='word_1_38' title='bbox 295 936 325 974; x_wconf 80' lang='lat' dir='ltr'><em>nt</em></span> <span class='ocrx_word' id='word_1_39' title='bbox 337 920 454 975; x_wconf 85' lang='lat' dir='ltr'><em>nondam</em></span> <span class='ocrx_word' id='word_1_40' title='bbox 467 918 590 985; x_wconf 81' lang='lat' dir='ltr'><em>eosdem,</em></span> <span class='ocrx_word' id='word_1_41' title='bbox 602 917 646 973; x_wconf 88' lang='lat' dir='ltr'><em>ita</em></span> <span class='ocrx_word' id='word_1_42' title='bbox 659 938 696 974; x_wconf 76' lang='lat' dir='ltr'><em>ex</em></span> <span class='ocrx_word' id='word_1_43' title='bbox 709 917 771 975; x_wconf 88' lang='lat' dir='ltr'><em>illis</em></span> <span class='ocrx_word' id='word_1_44' title='bbox 791 934 866 976; x_wconf 87' lang='lat' dir='ltr'><em>ortos</em></span> <span class='ocrx_word' id='word_1_45' title='bbox 876 964 889 987; x_wconf 97' lang='lat'><em>,</em></span> 
     </span>
     <span class='ocr_line' id='line_1_9' title="bbox 208 996 891 1075; baseline 0 -19"><span class='ocrx_word' id='word_1_46' title='bbox 208 1000 237 1056; x_wconf 90' lang='lat' dir='ltr'><em>si</em></span> <span class='ocrx_word' id='word_1_47' title='bbox 249 999 395 1070; x_wconf 82' lang='lat' dir='ltr'><em>Hispania</em></span> <span class='ocrx_word' id='word_1_48' title='bbox 407 996 530 1075; x_wconf 70' lang='lat' dir='ltr'><em>Syriam</em></span> <span class='ocrx_word' id='word_1_49' title='bbox 541 998 620 1056; x_wconf 89' lang='lat' dir='ltr'><em>miles</em></span> <span class='ocrx_word' id='word_1_50' title='bbox 632 1016 838 1071; x_wconf 80' lang='lat' dir='ltr'><em>aspamaretur,</em></span> <span class='ocrx_word' id='word_1_51' title='bbox 848 1017 891 1056; x_wconf 85' lang='lat' dir='ltr'><em>ta·</em></span> 
     </span>
     <span class='ocr_line' id='line_1_10' title="bbox 209 1075 891 1155; baseline 0.003 -18"><span class='ocrx_word' id='word_1_52' title='bbox 209 1102 270 1137; x_wconf 87' lang='lat' dir='ltr'><em>men</em></span> <span class='ocrx_word' id='word_1_53' title='bbox 292 1080 391 1135; x_wconf 84' lang='lat' dir='ltr'><em>mirum</em></span> <span class='ocrx_word' id='word_1_54' title='bbox 412 1075 438 1137; x_wconf 65' lang='grc' dir='ltr'>ἃ</span> <span class='ocrx_word' id='word_1_55' title='bbox 455 1078 597 1155; x_wconf 80' lang='lat' dir='ltr'><em>indignum</em></span> <span class='ocrx_word' id='word_1_56' title='bbox 614 1097 673 1137; x_wconf 86' lang='lat' dir='ltr'><em>erat</em></span> <span class='ocrx_word' id='word_1_57' title='bbox 687 1080 838 1151; x_wconf 85' lang='lat' dir='ltr'><em>:primane</em></span> <span class='ocrx_word' id='word_1_58' title='bbox 861 1076 891 1139; x_wconf 65' lang='grc' dir='ltr'><em>δ’</em></span> 
     </span>
     <span class='ocr_line' id='line_1_11' title="bbox 209 1159 889 1237; baseline -0.001 -17"><span class='ocrx_word' id='word_1_59' title='bbox 209 1160 343 1220; x_wconf 78' lang='lat' dir='ltr'><em>vicesima</em></span> <span class='ocrx_word' id='word_1_60' title='bbox 350 1160 484 1236; x_wconf 75' lang='lat' dir='ltr'><em>legiones,</em></span> <span class='ocrx_word' id='word_1_61' title='bbox 493 1160 545 1215; x_wconf 82' lang='lat' dir='ltr'><em>illa</em></span> <span class='ocrx_word' id='word_1_62' title='bbox 552 1160 666 1237; x_wconf 81' lang='lat' dir='ltr'><em>signisa</em></span> <span class='ocrx_word' id='word_1_63' title='bbox 680 1159 791 1218; x_wconf 85' lang='lat' dir='ltr'><em>Tiberio</em></span> <span class='ocrx_word' id='word_1_64' title='bbox 798 1183 889 1234; x_wconf 83' lang='lat' dir='ltr'><em>accep·</em></span> 
     </span>
     <span class='ocr_line' id='line_1_12' title="bbox 210 1240 891 1314; baseline 0.004 -17"><span class='ocrx_word' id='word_1_65' title='bbox 210 1242 267 1309; x_wconf 82' lang='lat' dir='ltr'><em>tis,</em></span> <span class='ocrx_word' id='word_1_66' title='bbox 287 1257 315 1297; x_wconf 87' lang='lat' dir='ltr'><em>tn</em></span> <span class='ocrx_word' id='word_1_67' title='bbox 340 1257 380 1297; x_wconf 85' lang='lat' dir='ltr'><em>tot</em></span> <span class='ocrx_word' id='word_1_68' title='bbox 401 1241 561 1313; x_wconf 81' lang='lat' dir='ltr'><em>proeliorum</em></span> <span class='ocrx_word' id='word_1_69' title='bbox 584 1240 682 1311; x_wconf 88' lang='lat' dir='ltr'><em>socia,</em></span> <span class='ocrx_word' id='word_1_70' title='bbox 705 1259 746 1299; x_wconf 96' lang='lat' dir='ltr'><em>tot</em></span> <span class='ocrx_word' id='word_1_71' title='bbox 763 1242 891 1314; x_wconf 78' lang='lat' dir='ltr'><em>premiis</em></span> 
     </span>
     <span class='ocr_line' id='line_1_13' title="bbox 209 1321 889 1399; baseline 0.003 -20"><span class='ocrx_word' id='word_1_72' title='bbox 209 1328 303 1390; x_wconf 74' lang='lat' dir='ltr'><em>aneia,</em></span> <span class='ocrx_word' id='word_1_73' title='bbox 317 1321 450 1399; x_wconf 75' lang='lat' dir='ltr'><em>egregiam</em></span> <span class='ocrx_word' id='word_1_74' title='bbox 460 1322 523 1380; x_wconf 82' lang='lat' dir='ltr'><em>duci</em></span> <span class='ocrx_word' id='word_1_75' title='bbox 532 1322 618 1399; x_wconf 80' lang='lat' dir='ltr'><em>oestro</em></span> <span class='ocrx_word' id='word_1_76' title='bbox 625 1322 749 1399; x_wconf 75' lang='lat' dir='ltr'><em>gratiam</em></span> <span class='ocrx_word' id='word_1_77' title='bbox 757 1323 889 1399; x_wconf 73' lang='lat' dir='ltr'><em>reftrtis?</em></span> 
     </span>
     <span class='ocr_line' id='line_1_14' title="bbox 209 1400 891 1479; baseline 0.004 -20"><span class='ocrx_word' id='word_1_78' title='bbox 209 1400 279 1460; x_wconf 82' lang='lat' dir='ltr'><em>Itane</em></span> <span class='ocrx_word' id='word_1_79' title='bbox 292 1424 339 1479; x_wconf 80' lang='lat' dir='ltr'><em>ego</em></span> <span class='ocrx_word' id='word_1_80' title='bbox 355 1401 480 1459; x_wconf 83' lang='lat' dir='ltr'><em>nuntium</em></span> <span class='ocrx_word' id='word_1_81' title='bbox 494 1402 586 1475; x_wconf 86' lang='lat' dir='ltr'><em>patri,</em></span> <span class='ocrx_word' id='word_1_82' title='bbox 607 1402 668 1460; x_wconf 82' lang='lat' dir='ltr'><em>lata</em></span> <span class='ocrx_word' id='word_1_83' title='bbox 681 1403 776 1478; x_wconf 90' lang='lat' dir='ltr'><em>omnia</em></span> <span class='ocrx_word' id='word_1_84' title='bbox 792 1404 861 1461; x_wconf 82' lang='lat' dir='ltr'><em>aliis</em></span> <span class='ocrx_word' id='word_1_85' title='bbox 876 1426 891 1463; x_wconf 88' lang='lat' dir='ltr'><em>e</em></span> 
     </span>
     <span class='ocr_line' id='line_1_15' title="bbox 205 1483 889 1560; baseline 0.004 -20"><span class='ocrx_word' id='word_1_86' title='bbox 205 1484 364 1557; x_wconf 79' lang='lat' dir='ltr'><em>provinciis</em></span> <span class='ocrx_word' id='word_1_87' title='bbox 378 1484 503 1541; x_wconf 85' lang='lat' dir='ltr'><em>audienti</em></span> <span class='ocrx_word' id='word_1_88' title='bbox 510 1528 522 1552; x_wconf 91' lang='lat'><em>,</em></span> <span class='ocrx_word' id='word_1_89' title='bbox 528 1483 645 1560; x_wconf 81' lang='lat' dir='ltr'><em>feram?</em></span> <span class='ocrx_word' id='word_1_90' title='bbox 659 1484 749 1556; x_wconf 81' lang='lat' dir='ltr'><em>ipsius</em></span> <span class='ocrx_word' id='word_1_91' title='bbox 762 1484 889 1555; x_wconf 83' lang='lat' dir='ltr'><em>tirones,</em></span> 
     </span>
     <span class='ocr_line' id='line_1_16' title="bbox 137 1564 890 1639; baseline 0.004 -18"><span class='ocrx_word' id='word_1_92' title='bbox 137 1574 138 1579; x_wconf 78' lang='grc'>’</span> <span class='ocrx_word' id='word_1_93' title='bbox 210 1564 300 1637; x_wconf 83' lang='lat' dir='ltr'><em>ipsius</em></span> <span class='ocrx_word' id='word_1_94' title='bbox 311 1582 472 1633; x_wconf 78' lang='lat' dir='ltr'><em>veteranos,</em></span> <span class='ocrx_word' id='word_1_95' title='bbox 484 1586 538 1622; x_wconf 88' lang='lat' dir='ltr'><em>non</em></span> <span class='ocrx_word' id='word_1_96' title='bbox 549 1564 699 1634; x_wconf 78' lang='lat' dir='ltr'><em>missione,</em></span> <span class='ocrx_word' id='word_1_97' title='bbox 711 1566 890 1639; x_wconf 73' lang='lat' dir='ltr'><em>nonpeaenid</em></span> 
     </span>
     <span class='ocr_line' id='line_1_17' title="bbox 211 1644 891 1723; baseline 0.003 -20"><span class='ocrx_word' id='word_1_98' title='bbox 211 1646 361 1704; x_wconf 85' lang='lat' dir='ltr'><em>satiatos:</em></span> <span class='ocrx_word' id='word_1_99' title='bbox 354 1644 424 1704; x_wconf 80' lang='lat' dir='ltr'><em>b·ic</em></span> <span class='ocrx_word' id='word_1_100' title='bbox 445 1644 551 1702; x_wconf 78' lang='lat' dir='ltr'><em>tantiem</em></span> <span class='ocrx_word' id='word_1_101' title='bbox 569 1645 690 1723; x_wconf 74' lang='lat' dir='ltr'><em>interfici</em></span> <span class='ocrx_word' id='word_1_102' title='bbox 699 1647 891 1717; x_wconf 77' lang='lat' dir='ltr'><em>centuriones,</em></span> 
     </span>
     <span class='ocr_line' id='line_1_18' title="bbox 212 1725 889 1805; baseline 0.006 -23"><span class='ocrx_word' id='word_1_103' title='bbox 212 1726 275 1805; x_wconf 78' lang='lat' dir='ltr'><em>ejici</em></span> <span class='ocrx_word' id='word_1_104' title='bbox 271 1725 433 1794; x_wconf 85' lang='lat' dir='ltr'><em>tribunos,</em></span> <span class='ocrx_word' id='word_1_105' title='bbox 449 1727 553 1784; x_wconf 80' lang='lat' dir='ltr'><em>includi</em></span> <span class='ocrx_word' id='word_1_106' title='bbox 568 1727 694 1803; x_wconf 81' lang='lat' dir='ltr'><em>legatos:</em></span> <span class='ocrx_word' id='word_1_107' title='bbox 706 1727 806 1803; x_wconf 49' lang='lat' dir='ltr'><em>infecta</em></span> <span class='ocrx_word' id='word_1_108' title='bbox 820 1750 889 1786; x_wconf 90' lang='lat' dir='ltr'><em>san-</em></span> 
     </span>
     <span class='ocr_line' id='line_1_19' title="bbox 209 1802 891 1899; baseline 0.004 -36"><span class='ocrx_word' id='word_1_109' title='bbox 209 1807 292 1884; x_wconf 77' lang='lat' dir='ltr'><em>guine</em></span> <span class='ocrx_word' id='word_1_110' title='bbox 304 1807 404 1899; x_wconf 83' lang='lat' dir='ltr'><em>eastra,</em></span> <span class='ocrx_word' id='word_1_111' title='bbox 412 1802 552 1884; x_wconf 83' lang='lat' dir='ltr'><em>flumina:</em></span> <span class='ocrx_word' id='word_1_112' title='bbox 567 1828 656 1882; x_wconf 84' lang='lat' dir='ltr'><em>meque</em></span> <span class='ocrx_word' id='word_1_113' title='bbox 665 1808 818 1881; x_wconf 80' lang='lat' dir='ltr'><em>precariam</em></span> <span class='ocrx_word' id='word_1_114' title='bbox 828 1809 891 1868; x_wconf 89' lang='lat' dir='ltr'><em>ani·</em></span> 
     </span>
     <span class='ocr_line' id='line_1_20' title="bbox 212 1886 647 1963; baseline 0 -18"><span class='ocrx_word' id='word_1_115' title='bbox 212 1908 285 1945; x_wconf 88' lang='lat' dir='ltr'><em>mam</em></span> <span class='ocrx_word' id='word_1_116' title='bbox 299 1887 372 1945; x_wconf 83' lang='lat' dir='ltr'><em>inter</em></span> <span class='ocrx_word' id='word_1_117' title='bbox 380 1886 502 1963; x_wconf 81' lang='lat' dir='ltr'><em>infensos</em></span> <span class='ocrx_word' id='word_1_118' title='bbox 516 1886 647 1945; x_wconf 76' lang='lat' dir='ltr'><em>trahere?</em></span> 
     </span>
    </p>

    <p class='ocr_par' dir='ltr' id='par_1_3' title="bbox 136 1967 895 2839">
     <span class='ocr_line' id='line_1_21' title="bbox 253 1967 893 2047; baseline 0.002 -20"><span class='ocrx_word' id='word_1_119' title='bbox 253 1967 361 2027; x_wconf 81' lang='lat' dir='ltr'><strong>XLIII.</strong></span> <span class='ocrx_word' id='word_1_120' title='bbox 383 1970 437 2027; x_wconf 86' lang='lat' dir='ltr'><em>Cur</em></span> <span class='ocrx_word' id='word_1_121' title='bbox 445 1969 518 2026; x_wconf 88' lang='lat' dir='ltr'><em>enim</em></span> <span class='ocrx_word' id='word_1_122' title='bbox 525 1970 616 2041; x_wconf 84' lang='lat' dir='ltr'><em>primo</em></span> <span class='ocrx_word' id='word_1_123' title='bbox 628 1970 765 2028; x_wconf 83' lang='lat' dir='ltr'><em>concionis</em></span> <span class='ocrx_word' id='word_1_124' title='bbox 778 1970 893 2047; x_wconf 79' lang='lat' dir='ltr'><em>diefer-</em></span> 
     </span>
     <span class='ocr_line' id='line_1_22' title="bbox 213 2050 892 2127; baseline 0.003 -19"><span class='ocrx_word' id='word_1_125' title='bbox 213 2070 272 2108; x_wconf 81' lang='lat' dir='ltr'><em>tum</em></span> <span class='ocrx_word' id='word_1_126' title='bbox 291 2050 378 2118; x_wconf 71' lang='lat' dir='ltr'><em>ilina,</em></span> <span class='ocrx_word' id='word_1_127' title='bbox 396 2052 467 2125; x_wconf 82' lang='lat' dir='ltr'><em>quod</em></span> <span class='ocrx_word' id='word_1_128' title='bbox 480 2051 584 2123; x_wconf 67' lang='lat' dir='ltr'><em>pallori</em></span> <span class='ocrx_word' id='word_1_129' title='bbox 601 2072 659 2107; x_wconf 87' lang='lat' dir='ltr'><em>meo</em></span> <span class='ocrx_word' id='word_1_130' title='bbox 677 2050 787 2127; x_wconf 80' lang='lat' dir='ltr'><em>infigere</em></span> <span class='ocrx_word' id='word_1_131' title='bbox 802 2072 892 2123; x_wconf 83' lang='lat' dir='ltr'><em>para-</em></span> 
     </span>
     <span class='ocr_line' id='line_1_23' title="bbox 161 2129 893 2209; baseline 0.012 -27"><span class='ocrx_word' id='word_1_132' title='bbox 161 2176 163 2182; x_wconf 94' lang='lat'><em>.</em></span> <span class='ocrx_word' id='word_1_133' title='bbox 214 2129 292 2199; x_wconf 82' lang='lat' dir='ltr'><em>batn,</em></span> <span class='ocrx_word' id='word_1_134' title='bbox 305 2131 500 2209; x_wconf 83' lang='lat' dir='ltr'><em>detraxz&#39;flis,o</em></span> <span class='ocrx_word' id='word_1_135' title='bbox 512 2131 663 2204; x_wconf 80' lang='lat' dir='ltr'><em>improvidi</em></span> <span class='ocrx_word' id='word_1_136' title='bbox 672 2132 780 2188; x_wconf 81' lang='lat' dir='ltr'><em>amici?</em></span> <span class='ocrx_word' id='word_1_137' title='bbox 791 2132 893 2191; x_wconf 78' lang='lat' dir='ltr'><em>meliies</em></span> 
     </span>
     <span class='ocr_line' id='line_1_24' title="bbox 216 2206 892 2288; baseline 0.003 -19"><span class='ocrx_word' id='word_1_138' title='bbox 216 2206 243 2269; x_wconf 70' lang='grc' dir='ltr'><em>ὃ·</em></span> <span class='ocrx_word' id='word_1_139' title='bbox 257 2209 395 2269; x_wconf 69' lang='grc' dir='ltr'><em>αιηαητίΐιε</em></span> <span class='ocrx_word' id='word_1_140' title='bbox 412 2210 461 2268; x_wconf 81' lang='lat' dir='ltr'><em>ilie</em></span> <span class='ocrx_word' id='word_1_141' title='bbox 474 2213 524 2287; x_wconf 83' lang='lat' dir='ltr'><em>qui</em></span> <span class='ocrx_word' id='word_1_142' title='bbox 531 2212 654 2288; x_wconf 81' lang='lat' dir='ltr'><em>gladium</em></span> <span class='ocrx_word' id='word_1_143' title='bbox 666 2210 811 2287; x_wconf 81' lang='lat' dir='ltr'><em>offerebat:</em></span> <span class='ocrx_word' id='word_1_144' title='bbox 825 2216 892 2271; x_wconf 89' lang='lat' dir='ltr'><em>ceei-</em></span> 
     </span>
     <span class='ocr_line' id='line_1_25' title="bbox 136 2289 894 2370; baseline 0 -19"><span class='ocrx_word' id='word_1_145' title='bbox 136 2354 140 2367; x_wconf 68' lang='lat'><em>„</em></span> <span class='ocrx_word' id='word_1_146' title='bbox 215 2292 315 2351; x_wconf 78' lang='lat' dir='ltr'><em>dissem</em></span> <span class='ocrx_word' id='word_1_147' title='bbox 325 2290 394 2349; x_wconf 67' lang='lat' dir='ltr'><em>eene</em></span> <span class='ocrx_word' id='word_1_148' title='bbox 404 2294 520 2349; x_wconf 77' lang='lat' dir='ltr'><em>nondum</em></span> <span class='ocrx_word' id='word_1_149' title='bbox 532 2289 746 2370; x_wconf 80' lang='lat' dir='ltr'><em>totflagitioram</em></span> <span class='ocrx_word' id='word_1_150' title='bbox 760 2294 894 2352; x_wconf 83' lang='lat' dir='ltr'><em>exercitui</em></span> 
     </span>
     <span class='ocr_line' id='line_1_26' title="bbox 216 2372 893 2449; baseline 0.004 -19"><span class='ocrx_word' id='word_1_151' title='bbox 216 2392 274 2430; x_wconf 88' lang='lat' dir='ltr'><em>meo</em></span> <span class='ocrx_word' id='word_1_152' title='bbox 292 2372 415 2430; x_wconf 82' lang='lat' dir='ltr'><em>conscius</em></span> <span class='ocrx_word' id='word_1_153' title='bbox 430 2395 440 2429; x_wconf 91' lang='lat'><em>:</em></span> <span class='ocrx_word' id='word_1_154' title='bbox 455 2372 594 2449; x_wconf 73' lang='lat' dir='ltr'><em>legissetis</em></span> <span class='ocrx_word' id='word_1_155' title='bbox 613 2374 724 2442; x_wconf 80' lang='lat' dir='ltr'><em>ducem,</em></span> <span class='ocrx_word' id='word_1_156' title='bbox 743 2374 790 2449; x_wconf 81' lang='lat' dir='ltr'><em>qni</em></span> <span class='ocrx_word' id='word_1_157' title='bbox 802 2396 893 2433; x_wconf 91' lang='lat' dir='ltr'><em>meam</em></span> 
     </span>
     <span class='ocr_line' id='line_1_27' title="bbox 214 2453 894 2590; baseline 0.009 -82"><span class='ocrx_word' id='word_1_158' title='bbox 214 2453 320 2529; x_wconf 76' lang='lat' dir='ltr'><em>quidem</em></span> <span class='ocrx_word' id='word_1_159' title='bbox 344 2470 454 2510; x_wconf 74' lang='lat' dir='ltr'><em>monem</em></span> <span class='ocrx_word' id='word_1_160' title='bbox 458 2453 642 2590; x_wconf 67' lang='lat' dir='ltr'><em>limpunitam</em></span> <span class='ocrx_word' id='word_1_161' title='bbox 665 2455 785 2524; x_wconf 89' lang='lat' dir='ltr'><em>sineret,</em></span> <span class='ocrx_word' id='word_1_162' title='bbox 818 2456 894 2514; x_wconf 79' lang='lat' dir='ltr'><em>Vari</em></span> 
     </span>
     <span class='ocr_line' id='line_1_28' title="bbox 215 2530 892 2612; baseline 0.006 -21"><span class='ocrx_word' id='word_1_163' title='bbox 215 2552 306 2592; x_wconf 83' lang='lat' dir='ltr'><em>tamen</em></span> <span class='ocrx_word' id='word_1_164' title='bbox 325 2530 449 2592; x_wconf 76' lang='lat' dir='ltr'><em>&amp;trium</em></span> <span class='ocrx_word' id='word_1_165' title='bbox 458 2533 592 2612; x_wconf 86' lang='lat' dir='ltr'><em>legionum</em></span> <span class='ocrx_word' id='word_1_166' title='bbox 606 2535 785 2592; x_wconf 82' lang='lat' dir='ltr'><em>ulcisceretor.</em></span> <span class='ocrx_word' id='word_1_167' title='bbox 795 2535 892 2612; x_wconf 82' lang='lat' dir='ltr'><em>Neque</em></span> 
     </span>
     <span class='ocr_line' id='line_1_29' title="bbox 215 2615 893 2709; baseline 0.004 -37"><span class='ocrx_word' id='word_1_168' title='bbox 215 2616 289 2672; x_wconf 85' lang='lat' dir='ltr'><em>enim</em></span> <span class='ocrx_word' id='word_1_169' title='bbox 312 2615 354 2674; x_wconf 82' lang='lat' dir='ltr'><em>dii</em></span> <span class='ocrx_word' id='word_1_170' title='bbox 378 2616 474 2673; x_wconf 91' lang='lat' dir='ltr'><em>sinant</em></span> <span class='ocrx_word' id='word_1_171' title='bbox 493 2632 526 2672; x_wconf 87' lang='lat' dir='ltr'><em>ut</em></span> <span class='ocrx_word' id='word_1_172' title='bbox 540 2615 709 2693; x_wconf 78' lang='lat' dir='ltr'><em>Belgamm,</em></span> <span class='ocrx_word' id='word_1_173' title='bbox 730 2637 893 2709; x_wconf 79' lang='lat' dir='ltr'><em>quamquam</em></span> 
     </span>
     <span class='ocr_line' id='line_1_30' title="bbox 148 2692 892 2774; baseline 0.001 -22"><span class='ocrx_word' id='word_1_174' title='bbox 148 2726 149 2731; x_wconf 60' lang='lat'><em>=</em></span> <span class='ocrx_word' id='word_1_175' title='bbox 216 2694 407 2771; x_wconf 82' lang='lat' dir='ltr'><em>offerentium,</em></span> <span class='ocrx_word' id='word_1_176' title='bbox 432 2698 509 2753; x_wconf 84' lang='lat' dir='ltr'><em>decus</em></span> <span class='ocrx_word' id='word_1_177' title='bbox 534 2696 603 2774; x_wconf 80' lang='lat' dir='ltr'><em>istud</em></span> <span class='ocrx_word' id='word_1_178' title='bbox 623 2692 654 2754; x_wconf 68' lang='grc' dir='ltr'><strong><em>ἃ</em></strong></span> <span class='ocrx_word' id='word_1_179' title='bbox 671 2696 807 2753; x_wconf 82' lang='lat' dir='ltr'><em>claritudo</em></span> <span class='ocrx_word' id='word_1_180' title='bbox 828 2698 892 2767; x_wconf 84' lang='lat' dir='ltr'><em>sit,</em></span> 
     </span>
     <span class='ocr_line' id='line_1_31' title="bbox 216 2775 895 2852; baseline 0.003 -15"><span class='ocrx_word' id='word_1_181' title='bbox 216 2775 374 2839; x_wconf 69' lang='lat' dir='ltr'><em>subvenisse</em></span> <span class='ocrx_word' id='word_1_182' title='bbox 397 2776 523 2837; x_wconf 83' lang='lat' dir='ltr'><em>Romano</em></span> <span class='ocrx_word' id='word_1_183' title='bbox 547 2777 676 2849; x_wconf 81' lang='lat' dir='ltr'><em>nomini,</em></span> <span class='ocrx_word' id='word_1_184' title='bbox 700 2778 895 2852; x_wconf 73' lang='lat' dir='ltr'><em>compressisse</em></span> 
     </span>
    </p>
   </div>
   <div class='ocr_carea' id='block_1_3' title="bbox 0 0 1048 3659">
    <p class='ocr_par' dir='ltr' id='par_1_4' title="bbox 0 0 1048 3659">
     <span class='ocr_line' id='line_1_32' title="bbox 0 0 1048 3659; baseline 0 0"><span class='ocrx_word' id='word_1_185' title='bbox 0 0 1048 3659; x_wconf 95' lang='lat' dir='ltr'><em> </em></span> 
     </span>
    </p>
   </div>
  </div>
 </body>
</html>
