2075 3659
201 332 563 403 Auernum-rra.
588 330 658 403 IV.
713 354 784 422 247

86 476 163 519 non
186 453 437 539 degrediebantur,
460 452 605 512 obsidium
626 454 713 532 coepit
736 472 786 533 per

87 536 251 619 praesidia,
273 556 334 617 quae
351 534 509 615 opportune
527 539 591 612 -jam
609 534 756 593 muniebat
775 556 785 591 t

89 619 170 678 dein
192 616 297 676 fossam
319 616 494 695 loricamque
515 633 686 684 contexens,
708 636 784 695 qua-

91 720 168 759 tuor
185 699 275 757 millia
292 716 423 778 passuum
439 697 551 755 ambitu
561 696 705 776 amplexus
719 694 760 754 est
776 718 785 753 z

90 799 165 839 tum
196 779 366 859 paullatim,
400 796 431 837 ut
459 798 564 859 aquam
592 777 785 859 pabulumque

93 864 252 941 eriperet,
291 856 454 919 contrahere
491 857 640 930 claustra,
669 878 786 941 artaque

93 936 307 1001 circumdare:
337 950 364 1001 δι
387 938 540 1001 struebatur
566 960 678 1023 agger,
708 941 786 1000 unde

95 1044 193 1094 saxa,
222 1020 326 1093 hasta,
351 1024 429 1105 ignes
452 1024 643 1103 propinquum
666 1027 725 1101 jam
753 1024 785 1083 in

96 1102 216 1164 hostem
233 1099 394 1181 jacerentur.
411 1102 467 1163 Sed
483 1100 556 1164 nihil
578 1102 673 1185 aeque,
698 1100 785 1185 quim

95 1188 185 1256 sitis,
213 1184 373 1269 fatigabat,
396 1204 485 1265 quum
507 1187 607 1268 iugens
630 1185 785 1245 multitudo

96 1266 273 1327 bellatorum
290 1312 299 1337 ,
315 1266 493 1337 imbellium,
506 1287 564 1325 uno
578 1267 688 1347 reliquo
703 1266 786 1326 fonte

99 1366 254 1407 uterentur.
277 1348 370 1407 Simul
393 1348 484 1427 equi,
504 1367 647 1417 armenta,
668 1367 699 1406 ur
721 1368 787 1407 mos

99 1428 252 1499 barbaris,
279 1426 356 1507 juxti
386 1428 507 1501 clausa,
538 1426 659 1512 egestate
687 1429 789 1509 pabuli

100 1511 262 1571 exanimari
287 1506 448 1592 :adjacere
469 1530 588 1590 corpora
613 1506 786 1582 hominum,

100 1614 180 1673 quos
196 1592 331 1661 vulnera,
351 1612 422 1671 quos
441 1592 499 1651 sitis
517 1609 695 1671 peremerat:
755 1593 785 1650 l-

99 1674 147 1733 lui
168 1676 267 1732 cundia
282 1673 378 1740 sanie,
396 1671 499 1743 odore,
516 1674 657 1731 conradis.
670 1612 785 1734 uelis·
803 1672 811 1688 ⁸

103 1771 164 1837 que
182 1755 316 1825 turbatis,
340 1754 447 1813 malum
469 1772 629 1813 extremum
645 1752 787 1816 discordia

103 1837 243 1906 accessit3
270 1832 314 1893 his
335 1835 530 1908 deditionem,
556 1836 618 1895 aliis
644 1855 785 1908 morrem,

106 1928 134 1978 dt
162 1934 273 1977 mutuos
301 1918 374 1975 iuter
395 1938 422 1976 se
446 1919 516 1977 idius
543 1917 735 1995 parantibus:
759 1926 788 1978 dc

106 2017 204 2070 erant,-
218 2000 268 2081 qui
285 2020 339 2056 non
354 1999 471 2057 inultum
490 1998 627 2067 exitium,
646 2001 696 2057 sed
707 2020 786 2072 erup·

106 2082 210 2139 tionem
225 2078 387 2148 suaderent,
405 2098 495 2159 neque
514 2077 672 2159 ignobiles,
684 2098 788 2159 quam-

107 2164 150 2223 vis
169 2160 270 2221 diversi
290 2161 441 2218 sententiis.
585 2156 589 2163 ’
749 2228 752 2233 .
804 2178 807 2183 ·

148 2242 182 2303 L.
203 2243 234 2301 V
235 2238 314 2301 enim
333 2260 348 2297 e
366 2230 499 2313 ducibus,
520 2233 623 2313 Dini's',
640 2243 789 2321 proredius

108 2322 238 2395 senedii,
258 2332 285 2383 dt
301 2320 391 2404 longo
411 2342 461 2383 usu
476 2325 537 2382 vim
556 2342 639 2405 arque
660 2324 787 2382 clemen·

108 2408 178 2486 tiam
198 2404 360 2463 Romanam
380 2403 514 2477 edod‘tus,
531 2408 658 2481 ponenda
682 2428 787 2475 anna,

108 2506 189 2546 unum
203 2486 320 2565 udfliiiis
336 2486 368 2544 id
376 2488 538 2556 remedium,
551 2486 709 2546 disserebat.
725 2487 789 2545 Pri-

109 2588 226 2649 musque
245 2588 273 2627 se
295 2586 359 2624 cum
382 2573 503 2650 conjuge
524 2576 552 2627 &
572 2569 667 2626 liberis
684 2568 788 2626 videri

109 2652 253 2731 permisit:
272 2648 357 2707 secuti
371 2666 451 2706 artare
476 2666 525 2707 aut
546 2668 610 2707 seru
631 2648 786 2717 imbecilli,

110 2740 137 2791 δι
152 2730 252 2811 quibus
269 2734 359 2809 major
375 2728 440 2787 vitae
457 2727 544 2810 quim
561 2729 657 2813 gloria
673 2726 785 2808 cupido.

109 2814 149 2874 tlt
178 2816 307 2897 juventus
336 2808 458 2871 Tarsam
489 2812 561 2880 inter
593 2818 620 2869 dt
655 2808 787 2870 Turesim

589 2892 664 2954 Liv
