2075 3659
291 322 359 384 106
411 313 450 382 C.
478 314 626 383 CORN.
659 314 849 382 Trcrrr

245 443 247 446 ’
287 433 501 514 reputantibut,
514 434 589 493 haud
592 454 752 507 prosperum
763 434 795 491 in
805 429 908 492 Druso
918 456 969 509 pa·

289 534 330 575 tre
343 516 401 597 ejcu
408 518 537 593 favorem
552 517 630 595 vulgi
648 538 658 573 .·
672 516 837 575 auunculum
850 517 970 595 ejusdem

289 597 455 657 Marcellum
468 597 653 676 flagrantibus
667 596 758 671 plebis
771 596 877 677 studiis
896 599 971 656 intra

281 680 429 760 juventam
439 698 556 753 creptum
567 703 577 738 .·
589 678 682 740 breves
693 674 719 737 f?
730 677 864 759 infaustos
873 679 972 754 populi

289 760 411 821 Romani
423 782 538 820 amores.

331 842 424 901 XLII.
439 840 576 902 Cetetrim
593 840 740 911 Tiberius,
762 842 881 899 nomine
902 840 972 901 Ger·

290 926 420 995 manici,
445 943 571 983 trecenos
598 924 673 1002 plebi
700 920 837 981 sestertios
862 923 970 981 viritim

291 1005 386 1075 dedit,
401 1025 484 1085 seque
499 1004 641 1087 collegam
657 1004 814 1063 consulatui
835 1009 895 1082 ejus
912 1004 971 1063 des-

291 1088 396 1147 tinavit
409 1131 424 1157 „
445 1106 497 1144 nec
516 1086 582 1144 ideo
602 1088 712 1145 sincerat
736 1086 862 1144 caritatis
883 1082 971 1145 iidem

291 1167 455 1237 adsecutus,
479 1169 592 1226 amoliri
609 1173 739 1246 juvenem
761 1168 853 1245 specie
872 1163 968 1225 hono-

290 1250 327 1307 ris
339 1256 343 1263 '
354 1247 470 1318 statuit,
494 1246 646 1329 struxitque
676 1268 791 1329 causas,
820 1266 871 1306 aut
896 1247 970 1308 forte

292 1330 404 1394 oblitas
426 1332 550 1409 arripuit.
567 1330 628 1391 Rex
651 1327 804 1389 Archelaus
826 1330 970 1411 quinqua-

291 1415 431 1507 gesimum
458 1434 564 1471 anuum
584 1408 770 1491 Cappadoci&
789 1410 969 1489 potiebatur,

289 1498 395 1555 invisus
414 1492 552 1563 Tiberio,
572 1488 649 1574 qucid
670 1513 734 1551 eunt
757 1489 856 1551 Rhodi
876 1512 969 1576 agen·

292 1594 368 1647 tem,
390 1576 468 1635 nullo
490 1575 585 1634 officio
605 1575 735 1634 coluisset
756 1596 763 1630 ε
784 1594 836 1631 nec
859 1574 891 1633 id
910 1576 969 1635 Ar-

292 1655 405 1729 chelaus
430 1678 479 1736 per
504 1656 663 1735 superbiam
686 1656 840 1725 omiserat,
863 1656 913 1715 sed
935 1657 970 1717 ab

290 1740 400 1798 intimis
421 1736 541 1821 Augusti
556 1740 696 1807 monitus3
714 1738 780 1818 quia
796 1738 918 1798 florente
933 1739 969 1800 C.
1026 1796 1027 1808 ,

293 1819 423 1889 Caesare,
438 1822 579 1900 missoque
594 1819 630 1878 ad
647 1840 687 1878 res
709 1820 855 1890 Orientis,
878 1823 969 1881 intuta

291 1900 402 1961 Tiberii
420 1903 547 1961 amicitia
563 1901 734 1961 credebatur.
747 1902 791 1961 Ut
803 1920 884 1961 versa
900 1902 968 1963 Cae-

288 2004 384 2044 rarum
400 1982 513 2054 sobole,
535 1984 684 2063 imperium
703 1981 818 2061 adeptus
835 1980 893 2053 est,
916 1985 970 2043 eli-

292 2066 332 2125 cit
358 2062 529 2125 Archelaum
554 2065 651 2123 matris
677 2062 797 2134 litteris,
820 2084 884 2144 quae
911 2088 969 2126 non
1025 2066 1026 2080 ¹

291 2146 472 2206 dissimulatis
486 2145 537 2205 filii
550 2142 769 2215 offensionibus,
785 2145 969 2208 clementiam

292 2225 446 2297 offerebat,
467 2230 490 2286 si
510 2227 548 2285 ad
575 2226 744 2306 precandum
767 2228 877 2287 veniret
897 2252 904 2285 ε
924 2230 970 2288 ille

291 2310 406 2392 ignarus
422 2308 498 2378 doli,
518 2308 564 2368 vel
584 2309 606 2366 si
620 2309 776 2393 intelligere
794 2308 968 2381 crederetur,

291 2390 352 2451 vim
370 2408 513 2460 metuens,
531 2392 562 2449 in
578 2389 688 2450 Urbem
701 2410 828 2471 properat
848 2413 855 2447 ι
872 2412 969 2473 excep·

292 2490 392 2553 rusque
418 2473 524 2532 immiti
548 2494 565 2532 a
588 2474 731 2553 principe,
756 2482 783 2533 &
801 2492 869 2532 mox
889 2494 970 2534 accu·

291 2574 367 2615 satus
386 2555 415 2613 in
431 2574 529 2613 senatu
540 2576 554 2625 3¹
571 2574 628 2613 non
647 2554 686 2633 qb
703 2555 821 2615 crimina
840 2576 903 2635 quae
918 2554 970 2616 fin·

292 2636 447 2720 gebantm,
463 2635 511 2695 sed
531 2656 655 2719 angore,
672 2638 755 2696 simul
769 2635 855 2697 fessus
869 2639 967 2707 senio,

291 2727 319 2777 &
332 2720 399 2798 quia
412 2718 523 2800 regibus
541 2738 640 2800 equa,
660 2718 764 2779 nedum
784 2714 908 2791 infima,
927 2722 969 2779 in-

289 2799 374 2861 tolita
393 2818 477 2873 sunt,
499 2797 587 2861 finem
600 2802 687 2871 vitae,
708 2820 826 2883 sponte,
846 2822 883 2861 an
904 2800 967 2861 furo
