2075 3659
93 296 778 369 ΕΞ

107 426 764 525 BREVIARlUM

254 616 613 683 scenici.

92 735 191 852 Mo
202 808 250 845 ro
265 810 278 844 s
295 787 326 843 in
348 785 473 845 Oriente.
491 784 672 844 Gemanicus
689 786 778 845 classe

94 897 133 952 ad
155 891 304 953 Amisiam
321 888 426 969 flumen
448 895 561 963 oenus,
589 889 780 969 Angriuarios

91 996 245 1073 populatur
252 1016 267 1065 ,·
296 1015 361 1051 mox
391 993 536 1053 Cheruscos
564 992 591 1053 ἃ
620 994 783 1055 Arminium

97 1121 199 1177 magno
208 1098 308 1171 proelio
326 1098 416 1157 vincit
427 1122 438 1155 .·
450 1100 538 1158 sedin
551 1121 670 1177 regressu
679 1101 783 1158 classis

101 1205 136 1261 in
167 1201 278 1261 Oceano
301 1202 334 1261 νὶ
358 1204 520 1283 tempestatis
544 1205 656 1282 disjecla
665 1227 679 1277 ,-
699 1226 784 1281 quam

98 1309 205 1366 cladem
216 1328 350 1379 prospera
358 1307 392 1365 in
408 1305 492 1386 hostes
509 1309 783 1389 expeditioneflatinz

98 1427 267 1486 compensat.
296 1407 411 1468 Anxius
438 1408 488 1468 liae
506 1412 600 1487 gloria
623 1410 787 1470 Germanici

106 1514 258 1583 Tiberius,
280 1516 367 1572 suetis
387 1536 445 1571 eum
469 1515 621 1593 legionibus
641 1516 783 1597 abstrahit.

13 1676 23 1687 „
100 1620 172 1679 Libo
191 1618 303 1677 Drusus
321 1620 439 1696 defertur
453 1620 549 1679 moliri
568 1643 610 1678 res
623 1643 734 1691 novas,
756 1616 785 1681 δ’

99 1727 141 1783 ad
156 1742 269 1783 monem
287 1725 419 1802 adigitur.
438 1723 485 1781 M.
506 1723 624 1782 Hortali
638 1748 729 1799 preces
752 1726 784 1783 in

100 1829 245 1908 manifesta
255 1847 413 1903 paupertate
427 1847 522 1903 spreta
534 1852 551 1887 a
560 1830 692 1903 principe.
712 1829 784 1889 Ser-

100 1956 156 1995 vus
168 1934 291 2014 Postumi
302 1931 451 2011 Agrippa,
458 1934 564 2022 fssfistm
578 1930 604 1991 ἃ
616 1954 711 1991 nomen
724 1932 784 1991 lteri

103 2038 236 2095 mentitus
246 2032 517 2112 &turbanscapitun
536 2036 700 2111 Triumpho
715 2037 785 2097 Ger·

103 2141 209 2199 manici
221 2144 253 2199 dc
265 2143 371 2210 Cattis,
384 2140 542 2211 Cliencscis,
555 2136 605 2201 &a
616 2138 784 2213 Archelaus,

104 2248 293 2319 Cappadocum
322 2267 370 2304 rex
386 2292 398 2315 ‚
421 2246 483 2303 dolo
515 2245 632 2303 Romam
657 2246 784 2317 accitus,

102 2368 219 2425 sponte,
233 2350 337 2426 anfato
350 2350 474 2408 moritur.
495 2348 660 2408 Germanico
679 2350 783 2410 Oriens

97 2455 273 2527 permissus,
290 2454 392 2513 Pisoni
404 2452 510 2533 Syria,
526 2478 585 2513 cum
602 2457 740 2543 occultis⁶
752 2475 783 2514 uc

102 2559 241 2627 creditur,
255 2560 285 2615 in
301 2557 495 2628 Germanicum
505 2562 654 2620 mandatis.
671 2560 784 2619 Drusus

102 2665 134 2721 in
151 2662 297 2740 Illyricum
315 2663 427 2720 missus.
443 2661 595 2722 Duodecim
610 2662 689 2723 Asia
706 2664 785 2724 urbes

102 2766 240 2839 conlapsa
255 2773 382 2828 nodumo
396 2784 471 2826 terra
486 2786 570 2832 motu.
594 2768 782 2847 Tacfarinatis

141 2869 232 2931 Tam.
253 2871 277 2934 L
637 2872 666 2933 D

92 3035 105 3057 l
