2075 3659
224 335 282 398 352
392 317 445 377 lu
475 309 668 377 {rausum
700 310 727 376 I.

261 441 286 477 2.
307 421 402 474 [wari.
414 458 442 474 ..
466 421 628 490 proconsulari
649 425 760 489 imperis.
786 418 914 492 Augustus

222 499 318 550 lextbm
335 497 421 548 consul
433 499 571 564 provincias
581 497 615 546 ita
624 513 680 547 cum
691 499 793 563 populo
804 501 912 563 partitus

223 584 293 635 erat,
312 584 340 622 ut
357 571 429 631 huic,
445 574 487 621 vel
504 568 589 636 potitis
607 569 701 620 senatui
712 571 831 622 traderet
844 573 913 622 iner-

222 662 294 705 mes,
306 645 353 696 sibi
363 644 470 695 sumeret
482 645 562 710 copiis
573 643 709 695 intrudas.
722 644 751 694 ln
763 645 913 709 provincias

220 720 309 790 populi
327 719 457 787 quotannis
476 719 640 784 proconsules
657 719 725 768 sorte
743 717 814 768 duni
830 721 915 769 mitte·

220 795 312 845 bantur
332 811 344 842 a
363 792 458 842 senatu.
476 791 509 841 bli
531 792 634 858 legatis,
649 791 797 854 lilioribus,
810 792 914 859 aliisque

220 865 319 916 summac
329 866 453 934 dignitatis
465 865 600 933 insignibus
619 865 699 916 ornati
710 901 719 923 ‚
739 881 783 916 res
803 866 893 916 civiles
906 899 915 926 ,

221 941 313 990 remoti
334 955 348 988 a
367 939 481 1001 bellicis,
507 937 713 990 administrabant.
737 935 911 1007 Legatorum,

219 1012 265 1063 seu
280 1024 481 1079 propretorum,
502 1013 545 1079 qui
567 1013 707 1077 prouincias
731 1011 862 1070 Caesaris,
882 1016 914 1063 ab

219 1085 275 1152 iplo
285 1085 388 1147 aelecti,
397 1088 536 1153 regebant,
554 1087 657 1154 dignitas
674 1086 758 1136 minor
772 1099 847 1145 erat,
860 1105 913 1136 ma·

217 1158 260 1228 jor
269 1157 393 1224 potestas-.-
401 1159 494 1226 quippe
504 1175 557 1210 rem
567 1161 697 1210 militarem
708 1161 850 1216 curabant,
861 1177 911 1212 non

219 1231 343 1301 prefinito
361 1245 495 1299 tempore,
513 1233 557 1282 led
577 1233 691 1301 quamdiu
702 1233 783 1284 visum
797 1233 910 1292 casui,

221 1305 292 1372 cujus
315 1307 391 1374 legati
414 1318 494 1356 erant.
515 1307 570 1356 Cur
587 1319 670 1358 autem
690 1323 748 1357 eum
770 1310 911 1373 provincia

221 1381 308 1431 natum
328 1382 430 1431 mallent
448 1381 506 1430 side
524 1380 596 1446 supri
615 1397 640 1431 2.
661 1380 687 1431 δι
703 1381 769 1430 infru
790 1383 837 1433 Se.

261 1469 287 1520 3.
310 1452 385 1526 Quod
398 1453 482 1521 uulgus
490 1451 682 1520 formidolosium.
700 1454 771 1521 Lege
786 1458 831 1504 vel
854 1471 910 1506 cunt

168 1541 170 1545 ’
222 1525 311 1592 Lipsio
328 1532 354 1576 in
368 1527 469 1595 uulgus,
489 1529 534 1578 vel
554 1543 610 1578 curn
632 1528 767 1579 Gronovio
787 1529 874 1597 vulgo.

259 1599 388 1655 LXXVll.
411 1617 435 1652 1.
456 1600 498 1650 De
512 1603 582 1650 mello
594 1601 691 1652 lucaris.
701 1601 742 1652 De
753 1602 849 1653 summa
863 1619 909 1668 pe-

222 1673 381 1739 cuniae,quae
397 1675 520 1725 mercedis
540 1676 598 1725 loco
619 1675 719 1726 daretur
739 1675 910 1727 histrionibus.

223 1743 313 1807 lucar,
326 1747 405 1814 inquit
413 1748 509 1810 Festus,
520 1749 654 1816 appellatur
667 1765 701 1797 es
713 1751 778 1814 quod
788 1767 821 1799 ex
831 1750 906 1810 lucis,

224 1817 266 1869 l'eu
278 1819 346 1869 silvis
357 1821 430 1870 alicui
441 1823 533 1872 numini
546 1823 643 1873 sacratis
655 1825 749 1888 capitur
759 1839 768 1873 .·
780 1825 847 1888 quod
858 1841 906 1885 aes,

133 1922 139 1933 «
225 1892 288 1943 teste
306 1891 459 1951 Plutarcho,
475 1912 500 1944 sn
511 1913 563 1945 rem
574 1899 721 1948 theatralem
736 1900 908 1948 converteba-

224 1977 272 2016 tur.
289 1969 322 2017 At
334 1984 366 2018 ex
377 1969 495 2019 Salmasio
512 1970 580 2018 lucar
595 1971 758 2032 scribebant,
782 1972 851 2037 quod
872 1969 905 2022 est

222 2041 306 2102 lucar,
324 2057 420 2092 merces
440 2059 485 2108 pro
503 2044 561 2093 loce
579 2045 604 2093 in
622 2043 776 2108 spectaculis.

260 2113 375 2165 LXXXI.
395 2132 415 2167 1.
436 2115 496 2188 Qua
506 2130 556 2166 tum
564 2118 673 2184 primim.
688 2117 750 2167 Nam
767 2115 904 2168 Drusus&

223 2186 354 2239 Norbanus
369 2189 410 2254 qui
421 2190 470 2238 hoc
480 2207 543 2240 anno
556 2191 670 2240 consules
680 2190 767 2253 luere,
781 2191 903 2258 designati

223 2263 254 2310 ab
266 2260 374 2326 Augusto
386 2263 492 2313 fuerant.
513 2264 551 2318 Ac
567 2267 682 2332 ἀιὶηιιρε.
696 2265 796 2332 Nempe
806 2265 849 2316 sub
860 2279 903 2315 eo·

222 2333 279 2383 dem
298 2333 412 2385 Tiberio.

262 2422 288 2456 2.
305 2405 344 2455 Ea
357 2423 446 2474 quoque
460 2411 636 2478 significatione
646 2409 775 2476 sicherado.
796 2411 841 2461 Sed
861 2409 900 2460 vi·

224 2478 332 2536 delicet,
345 2497 431 2532 eorum
442 2519 450 2544 ‚
461 2501 524 2550 quos
540 2485 598 2553 eligi
612 2487 707 2548 vellet,
725 2487 825 2536 nomina
840 2485 902 2534 ede·

225 2555 323 2604 batuel
339 2555 501 2619 consulibus,
519 2561 561 2612 vel
579 2560 609 2612 iis
627 2559 668 2629 qui
679 2559 751 2628 primi
762 2558 902 2628 suffragium
994 2601 997 2612 .

226 2627 305 2678 daturi
324 2641 401 2683 erant.
531 2639 536 2646 '
