2075 3659
259 282 326 349 218
383 278 419 346 C.
449 278 597 347 cour.
630 278 831 344 Tacrrr

257 421 326 469 nus,
351 398 474 493 effigiem
494 395 569 477 apud
593 393 688 455 forum
712 393 857 478 Augusti,
880 413 942 477 pel-¹
972 402 976 405 ’

257 480 332 540 blica
349 479 467 561 pecumi
484 497 575 559 patres
591 476 759 547 decrevere3
779 476 855 557 apud
868 500 941 559 quos

258 564 346 635 etiam
369 582 430 621 tum
450 564 552 619 cunlia
575 558 768 619 nullabantur
786 580 793 614 τ
815 558 889 617 adeo
908 581 940 622 ut

257 638 421 725 procurator
441 643 533 712 Asiae,
554 640 678 699 Lucilius
704 639 832 719 Capito,
855 662 943 700 accu-

256 746 338 785 sante
361 721 507 805 provincii
516 768 528 793 ,
552 743 666 781 causam
687 719 809 790 dixerit,
831 742 941 806 magna

258 826 325 867 cum
345 804 556 867 adseveratione
575 804 727 883 principis,
748 824 803 861 non
823 826 853 861 se
864 807 940 884 jus,

256 889 318 948 nisi
334 888 365 947 in
381 887 518 955 saevitia,
539 882 710 958 &pecunias
716 884 881 960 familiares
892 888 941 944 de.

258 971 335 1029 disse
347 969 475 1045 :quidsi
486 968 548 1029 uim
554 966 680 1040 praetoris
693 981 870 1039 usurpasset,
885 989 943 1025 ma·

259 1050 388 1127 tribusque
406 1050 530 1108 militum
549 1069 614 1107 usus
626 1049 724 1126 foret,
742 1065 838 1120 spreta
856 1048 888 1105 in
910 1070 942 1106 eo

259 1132 390 1191 mandare
414 1152 465 1189 sua
487 1154 497 1189 :
521 1130 650 1201 audirent
667 1128 769 1187 socios.
791 1126 839 1186 Ita
858 1147 943 1198 reus,

258 1213 378 1295 cognito
390 1212 508 1294 negotio
521 1256 532 1281 ,
549 1209 709 1269 damnatur.
722 1206 774 1267 Ob
784 1227 872 1288 quam
892 1208 942 1267 ul⁴

260 1295 391 1363 tionem,
410 1302 437 1353 &
457 1294 525 1373 quia
544 1293 636 1371 priore
656 1310 732 1349 anno
753 1290 783 1348 in
801 1288 840 1349 C.
860 1290 941 1349 Sila-

260 1396 331 1437 num
361 1373 539 1435 vindicatum
572 1391 658 1443 erat,
692 1369 838 1433 decrevere
867 1371 943 1432 Asia

260 1458 343 1518 urbes
366 1458 494 1531 templum
524 1454 634 1514 Tiberio
654 1453 788 1529 matrique
809 1453 888 1532 ejus,
911 1476 944 1513 ac

260 1540 379 1600 senatui.
405 1538 445 1599 Et
467 1537 632 1618 permissum
650 1532 767 1595 statuere
793 1556 799 1590 r
826 1535 943 1617 egitque

260 1620 341 1681 Nero
366 1639 480 1703 grates,
508 1616 543 1677 eir
568 1613 675 1685 causi,
702 1614 827 1695 patribus
857 1636 944 1696 atque

259 1722 337 1770 avo,
362 1702 437 1761 laetas
459 1700 533 1758 inter
553 1698 730 1757 audientium
747 1694 944 1769 adfeaiones,

262 1784 329 1864 qui,
340 1783 446 1841 recenti
455 1778 594 1839 memorii
605 1779 787 1847 Germanici,
799 1778 883 1837 illum
892 1778 946 1839 ad-

261 1864 354 1943 spici,
378 1862 459 1923 illum
480 1862 572 1921 audiri
590 1860 722 1919 rebantur
744 1858 947 1941 :aderantque

262 1946 358 2026 juveni
375 1942 533 2014 modestia,
551 1962 585 2001 ac
607 1940 719 2011 forma,
740 1941 865 2021 principe
882 1944 945 2001 viro

263 2026 374 2110 digna,
393 2028 469 2087 notis
486 2025 516 2087 in
535 2044 602 2083 eum
620 2023 715 2103 Sejani
731 2020 826 2093 odiis,
845 2022 886 2081 ob
899 2042 947 2104 pe·

263 2109 384 2171 ticulum
410 2108 544 2192 gratiora.
592 2170 596 2173 ‚

306 2189 406 2251 XVI.
436 2189 495 2249 Sub
524 2188 601 2246 idem
634 2205 745 2265 tempus
772 2186 805 2243 de
823 2185 945 2263 flamine

264 2270 372 2341 Diali,
394 2272 424 2329 in
447 2272 535 2329 locum
555 2268 652 2329 Seruii
670 2266 881 2345 Maluginensis
897 2270 945 2326 de-

257 2351 373 2432 funlli,
400 2352 529 2429 legendo,
552 2351 641 2409 sitmcl
658 2352 776 2427 roganda
795 2369 872 2408 nova
889 2350 946 2427 lege

267 2433 395 2493 disseruit
412 2432 514 2492 Casan.
535 2432 612 2490 Nam
624 2431 775 2505 patricios,
789 2430 946 2507 confarrea-

267 2517 307 2576 tis
314 2514 474 2589 parentibus
483 2514 610 2593 genitos,
624 2530 678 2571 tres
689 2511 777 2571 simul
784 2510 926 2569 nominari
934 2554 946 2581 ‚

266 2620 300 2657 ex
318 2598 378 2675 quis
394 2618 463 2655 unus
477 2596 627 2675 legeretur,
642 2594 743 2674 veruflo
755 2613 848 2663 more,·
864 2613 947 2669 neque

270 2682 385 2747 adesse,
402 2680 529 2754 urlolim,
546 2698 605 2737 eam
620 2676 746 2750 copiam,
762 2674 870 2732 omissi
885 2694 948 2732 corr·

264 2762 411 2842 farnandi
436 2760 641 2828 adsuetudine,
668 2771 717 2817 aut
743 2755 820 2814 inser
842 2775 948 2830 parcens
