2075 3659
186 281 435 366 ilunrzrvrr
458 297 543 365 Lm.
572 291 637 368 VI.
702 323 765 392 313

84 415 149 480 Sed
176 437 261 497 ponte
289 417 408 478 navibus
432 413 556 488 effecto,
584 421 769 502 tramissoque

83 501 228 571 exercitu,
248 501 352 579 primus
376 497 557 579 Ornospades
578 500 672 562 multis
694 505 771 583 equi⁴

81 601 155 641 turn
175 579 299 640 millibus
310 582 342 640 in
360 578 446 640 castra
465 581 566 640 venit:
584 579 660 640 exsul
681 605 772 665 quon-

86 663 178 733 dam,
194 671 221 722 &
236 661 373 733 Tiberio,
390 683 480 742 quum
498 661 693 724 Dalmaticum
711 663 772 724 bel-

84 745 153 803 lum
175 741 340 815 conficeret,
359 739 434 802 baud
451 743 588 826 inglorius
607 746 772 817 auxiliator,

87 820 185 906 eoque
217 825 329 885 civitate
359 825 492 883 Romana
526 823 644 886 donatus
668 849 674 882 :
703 849 773 888 mox

87 902 210 987 repetitb
232 902 359 966 amicitia
379 908 475 990 regis,
502 907 592 966 multo
613 907 687 986 apud
708 929 774 969 eum

88 985 228 1057 honore,
248 986 393 1068 prefectus
413 987 539 1066 campis,
558 989 609 1070 qui
630 986 785 1070 Euphrate,

90 1078 120 1128 δι
143 1068 256 1150 Tigre,
281 1070 392 1128 inclutis
422 1068 573 1147 amnibus,
599 1071 774 1144 circumflui,

89 1151 313 1228 Mesopotamia)
340 1170 446 1208 nomen
472 1169 645 1228 acceperunt.
671 1153 774 1236 Neque

91 1227 190 1290 multo
215 1228 279 1310 post
307 1232 440 1290 Sinnaces
470 1248 555 1312 auget
587 1235 711 1312 copius3
746 1244 775 1294 δε

93 1313 229 1371 columen
256 1313 377 1392 partium
404 1309 587 1391 Abdageses,
612 1335 715 1396 gazam
746 1324 776 1375 δε

92 1411 208 1474 paratus
229 1394 322 1476 regios
341 1393 449 1474 adjicit.
472 1392 606 1452 Vitellius
626 1393 778 1456 ostentasse

93 1475 231 1534 Romana
251 1494 328 1534 arma
348 1477 414 1534 satis
434 1491 527 1543 ratus,
548 1493 645 1533 monet
663 1474 777 1536 Tirida-

93 1575 143 1616 ten
168 1559 378 1636 primoresque3
403 1551 500 1625 bunc,
520 1552 655 1616 Phraatis
676 1560 726 1619 aui
748 1556 776 1620 δ’

94 1639 199 1698 ultoris
215 1639 350 1707 fusuris,
364 1659 420 1714 quae
431 1635 569 1712 utrobique
575 1637 710 1712 pulchra,
719 1663 777 1700 me-

95 1717 212 1778 minerit
221 1741 235 1791 ,·
248 1719 329 1788 illos,
353 1718 507 1795 obsequium
527 1717 557 1774 in
577 1741 681 1800 regem,
701 1746 777 1784 reue-

97 1801 218 1859 rentiam
248 1801 280 1858 in
307 1823 382 1871 tros,
408 1803 485 1870 decus
514 1799 624 1878 quisque
646 1824 725 1862 suum
749 1801 778 1863 f?

90 1883 181 1964 fidem
204 1883 347 1940 retinerent
367 1904 376 1939 .·
394 1882 458 1939 exin
478 1899 544 1937 cum
565 1881 724 1964 legionibus
746 1886 778 1946 in

97 1963 213 2047 Syriam
235 1964 378 2031 remeavit.

139 2040 315 2104 XXXVIII.
332 2044 404 2118 Quae
423 2038 530 2100 duabus
546 2039 683 2104 aestatibus
701 2043 779 2128 gesta

98 2125 260 2193 con'unri,
278 2122 337 2204 qub
358 2125 539 2202 requiesceret
558 2127 667 2185 anImus
688 2148 705 2186 a
724 2125 779 2186 do-

100 2147 227 2265 rnellr'cis
235 2205 325 2263 malis.
335 2203 405 2263 Non
416 2205 491 2262 enim
500 2201 668 2279 Tiberium,
680 2229 779 2288 quam-

99 2299 189 2370 q'uam
221 2286 331 2352 trienno
355 2283 416 2368 post
446 2283 549 2359 caedem
578 2287 691 2370 Sejani,
717 2313 779 2373 quat

102 2387 211 2431 ceteros
234 2366 344 2427 mollire
374 2368 483 2438 solent,
513 2389 640 2449 tempus,
666 2392 781 2450 preces,
812 2367 815 2372 ’

101 2446 209 2520 satias,
229 2449 423 2532 mitigabant,
442 2454 510 2530 quin
529 2453 632 2512 incerta
648 2454 694 2512 vel
711 2454 781 2513 abo-

102 2531 157 2590 lita
181 2551 232 2609 pro
252 2532 422 2614 gravissimis
442 2531 641 2592 &recentibus
661 2536 781 2612 puniret.

105 2611 152 2671 Eo
173 2632 252 2681 ment
266 2611 408 2670 Fulcinius
424 2609 514 2688 Trio,
532 2613 686 2696 ingruentis
700 2636 781 2674 accu-

105 2712 209 2752 satores
236 2689 312 2752 haud
339 2713 498 2774 perpessus,
523 2695 656 2775 supremis
680 2695 782 2757 tabulis

106 2774 196 2915 mutha
216 2777 371 2915 &Iatrocia
396 2775 426 2836 in
444 2775 636 2849 Macronem,
650 2797 692 2918 ὃς
712 2797 782 2860 prac-

178 2877 230 2916 ΟΜ.
267 2901 276 2918 t
329 2876 331 2879 ’
