2075 3659
271 350 341 412 224
394 324 429 391 C.
459 324 609 393 Coum
642 322 844 390 TAch1

268 464 382 505 mortem
402 444 574 517 sumpsisset.
592 441 663 501 Non
680 446 847 504 &instanter
864 443 944 504 Tibe·

269 528 326 585 rius
347 526 438 609 pergit
460 526 491 583 in
511 523 654 594 domum,
674 525 743 583 visit
763 526 942 598 cubiculum

269 608 301 689 in
315 628 372 687 quo
385 606 546 665 reluduntis
562 614 590 665 &
606 605 731 684 impulsae
743 605 868 689 vestigia
888 630 942 667 cer-

269 688 418 747 nebantur.
449 686 549 747 Refert
578 686 615 746 ad
635 706 764 746 senatum
781 733 793 757 ,
821 688 944 771 datisque

269 769 431 849 judicibus,
447 770 633 851 Urgulania,
660 768 770 828 Silvani
793 771 881 841 avia,
902 792 945 851 pu-

270 852 388 932 gionem
410 852 508 931 nepoti
531 851 618 910 misit.
639 848 727 927 Quod
749 850 872 929 perinde
892 872 943 911 cre-

271 932 386 1001 ditum,
411 934 492 1011 quasi
507 931 640 1011 principis
661 932 793 1001 monitu,
813 932 858 990 ob
877 936 944 991 ami-

271 1014 370 1072 citiam
382 1010 521 1094 Augustae·
531 1032 595 1071 cum
609 1012 779 1093 Urgulania.
795 1012 875 1073 Reus
885 1014 946 1074 frus-

273 1114 316 1153 tra
339 1112 448 1153 tentato
479 1092 577 1162 ferro,
606 1114 692 1152 venas
716 1093 837 1173 prebuit
858 1097 945 1155 exsol-

272 1174 387 1235 iendas.
403 1174 479 1233 Mox
492 1174 672 1233 Numantina
681 1219 693 1243 ,
707 1176 784 1255 prior
797 1194 872 1234 uxor
882 1183 946 1255 ejus,

271 1276 404 1317 accusata
425 1256 554 1336 injecisse
577 1256 745 1315 carminibus
763 1252 794 1316 u
812 1260 947 1338 ueneficiis

272 1339 429 1397 vecordiam
444 1339 562 1407 marito,
576 1336 830 1417 insonsjudicatur.

315 1418 426 1481 XXIII.
443 1418 470 1478 ls
488 1417 603 1477 demum
623 1440 713 1478 annus
734 1421 876 1499 populum
896 1420 948 1479 Ro·

273 1520 393 1561 manum
412 1500 502 1582 iongo
523 1499 670 1560 aduersum
690 1500 854 1561 Numidam
872 1502 946 1561 Tac-

271 1580 427 1642 farinatem
443 1581 520 1639 bello
538 1581 671 1641 absolvit.
683 1581 764 1640 Nam
776 1585 884 1661 priores
898 1584 946 1643 du·
1013 1615 1014 1620 κ

274 1682 340 1733 ces,
359 1663 409 1722 ubi
422 1661 600 1743 inpetrando
615 1660 832 1742 triumphalium
851 1667 948 1747 insigni

273 1743 397 1803 sufficere
427 1764 469 1803 res
503 1764 566 1803 suas
600 1743 775 1805 crediderant
799 1792 809 1817 ,
846 1743 947 1805 hostem

252 1865 254 1869 -
274 1824 451 1885 omittebant
471 1818 607 1907 :janrque
623 1846 677 1885 tres
691 1826 823 1886 laureatae
841 1830 871 1886 in
886 1828 948 1886 urbe

221 1936 223 1941 ·
274 1902 389 1976 statuas,
413 1914 440 1967 &
460 1902 554 1969 adhuc
573 1907 705 1987 raptabat
724 1906 857 1967 Africam
878 1908 949 1967 Tac·

275 1986 403 2059 farinas,
422 1991 519 2048 nudius
545 1989 714 2048 Maurorum
732 1990 865 2061 auxiliis,
881 1990 948 2070 qui,

273 2068 431 2131 Ptolemaeo
459 2070 537 2131 Iubae
563 2067 624 2129 filio
651 2067 765 2151 juventi
792 2073 948 2150 incurioso,
1014 2073 1015 2080 ’

276 2151 393 2213 libertos
411 2153 529 2233 regios,
551 2160 579 2211 &
604 2152 714 2212 servilia
734 2155 855 2233 imperia
877 2153 948 2210 belle

276 2252 466 2295 mutaverant.
492 2233 562 2292 Erat
588 2233 632 2293 illi
654 2232 807 2313 praedarum
829 2252 950 2315 receptor

275 2334 311 2371 ac
338 2314 430 2387 socius]
454 2313 631 2393 populandi,
655 2335 702 2373 tex
727 2315 949 2383 Garamantum

274 2414 338 2454 non
354 2414 386 2454 ut
403 2414 468 2453 cum
490 2397 613 2455 exercitu
631 2394 787 2467 incederet,
800 2396 848 2456 sed
864 2397 949 2455 missis

277 2474 385 2535 levibus
405 2475 515 2555 copiis,
533 2498 594 2556 quae
609 2498 642 2536 ex
662 2477 823 2559 longinquo
842 2480 870 2536 in
886 2498 946 2535 rna·

278 2562 321 2636 jus
341 2555 527 2617 audiebantur
547 2560 685 2639 :ipsaque
701 2580 716 2616 e
733 2561 898 2638 provincia,
918 2578 948 2616 ut

278 2638 342 2719 quis
371 2636 488 2699 fortunat
519 2640 621 2719 inops,
648 2640 774 2699 moribus
806 2638 946 2706 rubidus,

279 2716 435 2799 promptiris
454 2719 594 2789 ruebant,
615 2722 682 2801 quia
703 2720 815 2793 Caesar,
833 2718 891 2800 post
910 2738 947 2775 res

280 2822 297 2860 a
315 2800 402 2889 Bitso
424 2798 531 2885 gestau,
549 2801 724 2884 quesinuiiis
734 2807 795 2883 jam
811 2805 841 2865 iu
857 2799 947 2862 Africa
