2075 3659
248 300 494 369 Annnmun
519 302 602 368 Lm.
628 304 657 369 I.
736 324 777 389 41

110 420 270 479 Germanice
285 422 410 495 populos.
446 422 529 492 Tuo,
551 424 616 483 diue
641 421 782 501 Auguste,

105 504 175 560 eccla
187 520 389 574 receptantem,
401 502 668 575 tua,puterDruse‚
677 503 783 580 imago,

106 584 150 639 tui
161 583 308 652 memoria,
318 584 416 641 iisdem
427 585 486 663 iflis
497 604 556 641 curn
563 584 785 659 militibus,quos

99 664 165 743 jam
174 666 263 735 pudor
276 661 302 722 δ’
318 666 408 743 gloria
422 665 526 734 intrat,
541 666 634 723 eluunt
643 664 714 722 lianc
727 688 786 722 rnu-

106 746 219 813 eulam,
242 746 348 821 irasque
367 746 465 805 ciuiles
484 747 513 803 in
533 747 649 803 exitium
668 745 786 826 hostibus

105 842 227 886 vertant.
248 826 281 884 V
277 848 307 885 os
317 846 437 901 quoque,
450 846 559 903 quorum
570 827 630 884 alia
640 848 710 885 nunc
720 848 785 896 ore,

106 908 169 964 alia
190 912 298 979 pellunt
318 924 460 977 contueor,
480 908 509 965 si
529 908 632 985 legatos
655 909 785 976 senatui,

105 986 263 1063 obsequium
280 988 456 1061 imperatori,
470 988 498 1046 si
513 987 585 1045 mini
603 986 786 1067 conjugem&

102 1069 198 1145 filiurn
218 1068 361 1139 redditis,
386 1070 515 1127 discedite
537 1092 555 1126 a
577 1074 698 1127 contutiu
718 1115 729 1139 ,
753 1090 786 1127 ae

84 1182 91 1193 ·-
105 1150 227 1208 dividite
236 1148 356 1208 turbidos
371 1173 381 1207 .·
393 1150 424 1209 id
426 1150 524 1229 flabile
534 1153 572 1209 ad
575 1150 767 1223 poenitentiam
772 1194 784 1221 ,

107 1230 140 1287 id
142 1230 216 1305 fidei
228 1231 368 1289 uinculum
379 1232 440 1289 erit.

93 1344 110 1375 ,·
147 1307 257 1369 XLtV.
272 1311 415 1391 Supplices
426 1310 462 1371 ad
477 1307 551 1382 haec,
566 1318 593 1371 &
603 1332 670 1371 vera
684 1330 787 1390 expro-

105 1390 183 1450 brari
210 1389 346 1462 fatentes,
366 1392 511 1460 orabant,
529 1395 641 1465 puniret
663 1392 784 1461 noxios,

105 1474 257 1551 ignosceret
283 1474 393 1545 lapsis,
424 1469 450 1532 δ’
474 1476 579 1531 duceret
603 1473 634 1530 in
661 1472 786 1552 hostem

106 1571 280 1614 reuocaretur
289 1556 424 1633 conjunx,
439 1555 538 1613 rediret
548 1555 684 1631 legionum
695 1555 784 1610 alunt·

107 1656 160 1693 nus
169 1682 181 1704 ,
195 1656 262 1695 neue
278 1633 354 1693 obses
371 1634 467 1693 Gallis
478 1638 633 1693 traderetur.
649 1633 785 1693 Reditutn

106 1715 272 1799 Agrippinae
290 1717 431 1775 excusavit
449 1715 488 1773 ob
507 1717 704 1775 imminentem
721 1736 786 1795 par·

110 1816 192 1865 tum,
210 1804 238 1855 δι
251 1794 394 1855 hiemem:
410 1814 552 1857 uenturum
559 1798 654 1874 filiurn
668 1821 679 1854 .·
697 1815 787 1855 cetera

107 1878 167 1951 ipsi
189 1896 399 1953 exsequerentur.
424 1878 592 1937 Discurrunt
612 1878 734 1946 mutati,
759 1887 787 1936 δι

107 1959 351 2017 seditiosissimum
374 1978 515 2039 quemque
539 1962 649 2017 vinctos
671 1955 787 2018 trahunt

106 2039 145 2098 ad
161 2040 288 2120 legatum
301 2040 420 2121 legionis
439 2042 534 2119 primae
545 2038 582 2098 C.
597 2038 784 2107 Cetronium,

108 2118 307 2201 quijudicium
323 2130 351 2179 δε
364 2141 460 2198 poenas
478 2120 512 2177 de
529 2119 644 2200 singulis
660 2119 689 2176 in
711 2114 798 2176 hunc·

107 2200 230 2259 modum
259 2202 388 2259 exercuit.
418 2199 540 2259 Stabant
565 2220 615 2278 pro
648 2199 786 2257 concione

106 2282 236 2363 legiones
249 2326 258 2349 ,
271 2279 402 2341 destriciis
414 2280 514 2363 gladiis
527 2303 533 2337 ι
544 2300 605 2339 teus
615 2282 644 2339 in
655 2277 785 2362 suggestu

106 2382 158 2443 per
182 2362 326 2421 tribunum
352 2360 577 2421 ostendebatur:
602 2363 624 2419 si
648 2379 786 2419 nocentem

107 2440 785 2522 adclamaverunt,praecepsdatusttucidabauus

106 2532 137 2584 &
151 2524 294 2606 gaudebat
305 2523 423 2583 caedibus
437 2524 536 2591 miles,
549 2542 685 2603 tanquam
696 2540 785 2581 semet

105 2604 268 2665 absolveret
291 2628 298 2661 ι
320 2624 372 2663 nec
394 2602 488 2665 Caesar
509 2603 646 2673 arcebat,
671 2602 786 2681 quando

107 2686 190 2745 nullo
213 2687 298 2763 ipsius
323 2690 412 2759 jussu,
438 2706 520 2763 penes
544 2684 656 2742 eosdem
681 2683 785 2744 saevitia

107 2766 181 2831 tnui
203 2775 230 2827 &
252 2765 363 2829 invidia
392 2785 450 2831 erut
477 2790 484 2827 t
512 2767 600 2840 secuti
626 2764 788 2846 exemptum
