2075 3659
180 290 431 370 nnuman
454 302 541 372 lta.
565 300 633 373 IV.
691 324 757 395 2²5

77 414 235 490 hostibus,
262 422 397 501 reportari
415 440 523 483 nonant
544 423 690 507 legionem
705 428 765 503 jas-

79 521 159 561 serat
181 521 189 558 :
210 520 261 561 nec
284 503 432 583 proconsul
456 510 513 583 ejus
531 506 625 574 anni,
647 504 679 565 P.
702 504 766 564 Do·
802 580 806 590 .

79 582 212 653 labella,
230 584 347 643 retinere
360 604 440 644 auseis
453 605 533 656 erat,
549 590 622 665 jussa
633 586 768 667 principis

80 683 132 723 ma
157 666 198 733 ἐ,
219 662 304 745 quim
324 667 430 725 incerta
449 666 536 739 beili,
556 686 695 728 metuens.

156 744 241 805 XIV.
257 746 351 831 Igitur
367 744 555 818 Tacfarinas,
572 749 695 829 disperso
712 769 766 809 tu·

83 844 193 896 more,
214 849 269 886 rem
286 826 440 887 Romanam
457 830 527 889 aliis
545 852 645 908 quoque
662 830 696 889 ab
716 852 767 889 na·

83 907 210 967 tionibus
230 908 372 980 lacerari,
392 909 472 987 edque
490 912 641 985 paullatim
663 910 768 989 Africd

83 991 228 1061 decedere,
243 1010 275 1047 aa
285 1012 367 1064 posse
382 990 499 1067 reliquos
511 992 726 1062 circumveniri,
737 992 769 1053 εἰ

84 1070 177 1130 canni
186 1114 198 1138 ,
209 1070 303 1147 quibus
318 1070 431 1131 libertas
439 1073 559 1134 servitio
565 1076 675 1149 potior,
691 1074 767 1133 inca-

86 1150 235 1222 buissent5
257 1172 341 1235 auget
361 1154 454 1223 vires,
478 1156 560 1235 posit'
596 1177 631 1215 ue
652 1152 768 1226 castris,

85 1229 275 1292 Thubuscum
293 1233 430 1314 oppidum
446 1176 633 1298 circums'ddet.
649 1237 691 1297 At
704 1238 770 1309 Do,

85 1313 217 1383 labella,
245 1318 390 1390 contractu
417 1315 494 1396 quod
525 1338 585 1379 etat
613 1318 737 1385 miiitum
756 1348 772 1365 -

87 1414 193 1456 terrore
206 1398 330 1457 nominis
343 1397 487 1466 Romani,
502 1406 530 1457 δι
548 1401 614 1478 quia
634 1399 771 1459 Numidae

86 1476 217 1558 peditum
247 1479 337 1537 aciem
372 1477 442 1537 ferte
477 1499 644 1559 nequeunt,
675 1481 771 1559 primo

85 1561 132 1619 sui
151 1560 260 1619 incessu
286 1560 370 1619 solvit
393 1558 556 1630 obsidium,
584 1561 772 1641 locorumque

88 1660 251 1719 opportuna
280 1642 449 1720 permunivit
480 1665 487 1699 ι
518 1642 604 1701 simui
630 1643 771 1723 principes

88 1720 341 1793 Musulamorum,
369 1721 558 1795 defediionem
585 1744 740 1803 coeptantes
755 1769 772 1796 ,

89 1804 180 1863 securi
198 1806 324 1884 percutit.
351 1803 448 1876 Dein,
477 1806 544 1887 quia
568 1805 693 1886 pluribus
715 1805 771 1867 ad-

88 1905 203 1945 versum
220 1883 431 1946 Tacfarinatem
455 1885 681 1966 expeditionibus
702 1908 773 1971 cog·
845 1892 848 1899 '

88 1968 208 2035 nitum,
228 1989 287 2027 non
307 1969 408 2049 gravi,
431 1986 482 2025 nec
502 1988 560 2025 uno
578 1969 690 2027 incursu
703 1987 773 2028 con·

88 2046 255 2109 sedandum
281 2045 390 2107 hostem
424 2068 553 2130 vagum3
580 2048 673 2108 excito
703 2070 773 2109 cum

90 2129 278 2211 popularibus
293 2148 359 2211 rege
372 2128 528 2187 Ptolemaeo
538 2173 550 2197 ,
591 2148 694 2189 uatuor
711 2150 773 2213 ag·

91 2212 172 2271 mina
188 2226 286 2291 parat,
301 2231 362 2289 quae
371 2209 472 2291 legatis
484 2229 534 2269 aut
544 2212 581 2269 tri
601 2211 664 2271 unis
677 2208 743 2272 data
761 2233 775 2271 a

91 2300 120 2352 δι
144 2289 322 2371 praedatorias
352 2312 453 2351 manus
476 2289 578 2351 delesti
601 2292 772 2355 Maurorum

91 2372 212 2433 duxere:
225 2374 283 2453 ipse
295 2374 437 2433 consultor
448 2373 547 2437 aderat
556 2375 701 2435 omnibus.

133 2452 231 2513 XXV.
257 2454 319 2513 Nec
342 2451 436 2515 multis
456 2453 519 2536 pdst
540 2454 688 2524 adfertur,
707 2456 773 2517 Nu·

93 2536 185 2595 midas
202 2538 274 2609 apud
288 2537 423 2617 castellum
442 2536 625 2607 semirutum,
646 2536 683 2595 ab
698 2538 774 2612 ipsis
839 2592 842 2601 .

94 2618 228 2695 quandam
242 2618 401 2687 incensam,
419 2618 464 2676 cui
482 2639 578 2676 nomm
591 2616 709 2699 Auzea,
720 2640 775 2691 pa-

96 2698 163 2757 sicis
181 2697 334 2772 mapalibus
352 2698 504 2759 consedisse
514 2698 606 2777 ,fisos
616 2699 692 2768 loco,
706 2699 773 2775 quia

96 2779 182 2867 ‘vastis
209 2776 310 2843 citatim
339 2778 457 2843 saltibus
481 2778 663 2845 claudebatur.
692 2778 772 2841 Tum

476 2858 675 2958 ‚pKv
