2075 3659
169 305 173 317 ι
225 274 293 357 136
346 269 382 337 C.
412 256 779 337 Conu.'TAcrrr

221 388 346 449 instrudii
361 413 368 445 :
385 386 451 447 hine
466 389 609 457 militum,
630 386 696 447 inde
709 388 840 447 locorum
865 408 909 449 as-

220 474 322 551 peritas
342 494 349 527 :
369 470 417 529 sed
438 492 497 529 non
522 472 649 540 animus,
673 492 732 529 non
757 490 840 549 spes,
871 492 909 530 ne

222 554 279 613 tela
292 551 408 633 quidem
423 553 477 609 nisi
492 550 610 634 agrestia
628 550 664 611 ad
677 551 803 611 subitum
820 572 909 610 usum

221 654 392 713 properata:
414 652 446 692 ut
464 654 565 692 venere
586 635 615 691 in
634 654 755 701 manus,
772 654 830 691 non
856 634 907 691 ul-

223 713 266 775 σὲ
280 715 459 781 dubitatum,
472 712 558 793 quim
571 712 639 773 dum
653 714 790 773 Romana:
803 710 911 773 cohor-

222 816 264 856 tes
287 798 316 855 in
339 817 449 877 aequum
472 798 665 855 eniterentur:
690 814 802 855 vertunt
822 808 911 879 tergi

223 877 353 947 Cilices,
377 898 459 957 seque
480 875 594 935 castello
615 874 757 937 claudunt.

264 957 439 1017 LXXXI.
464 958 582 1017 interim
603 958 668 1017 Piso
689 959 805 1017 classem
825 953 913 1017 haud

223 1038 322 1120 procul
334 1040 527 1118 opperientem
546 1038 707 1122 adpugnare
724 1038 820 1097 frustra
833 1058 911 1097 ten-

226 1122 299 1180 tavit
320 1144 327 1176 :
344 1140 557 1201 regressusque,
585 1130 612 1179 &
632 1141 682 1200 pro
707 1123 792 1179 muris
814 1118 912 1181 nodo

224 1221 314 1261 semet
327 1200 519 1271 afficiendo,
540 1198 629 1260 modd
646 1203 773 1285 singulos
788 1202 917 1261 nomine

208 1284 321 1352 ciens,
346 1284 466 1363 praemiis
488 1304 612 1354 vocans,
634 1282 803 1342 seditionem
823 1303 911 1361 coep-

226 1365 306 1425 tabat
317 1387 327 1436 3
346 1363 473 1445 adeoque
495 1384 715 1435 commoverat,
740 1384 771 1424 ut
791 1362 915 1447 signifer

226 1446 348 1529 legionis
373 1466 454 1505 sextae
477 1448 590 1528 signum
619 1444 656 1504 ad
689 1466 752 1504 eum
783 1442 912 1505 transtu-

224 1527 299 1587 lerit.
324 1527 402 1589 Tum
421 1528 533 1587 Sentius
555 1548 679 1587 occanere
697 1548 797 1586 cornua
819 1526 915 1587 tubam

225 1623 291 1685 qu'e,
312 1606 340 1667 ἃ
357 1610 418 1682 peti
437 1632 581 1687 aggerem,
600 1609 671 1688 erigi
689 1610 781 1667 scalas
802 1610 916 1689 jussit,

226 1712 259 1748 ae
270 1690 507 1763 promptissimum
522 1712 646 1767 quemque
660 1693 797 1749 succedere
805 1712 819 1762 ,·
835 1691 915 1750 alios

227 1771 372 1829 tormentis
399 1770 507 1851 beflas,
531 1794 603 1830 saxa
630 1768 659 1831 δὲ
672 1772 751 1847 faces
777 1771 911 1849 ingerere.

230 1851 380 1920 Tandem,
392 1850 468 1911 victi
479 1850 648 1931 pertinacid,
664 1852 729 1910 Piso
744 1853 837 1911 oravit
849 1855 921 1923 uti,-

229 1934 343 1994 traditis
355 1934 460 2004 arenis,
473 1953 594 1993 maneret
605 1935 635 1991 in
645 1935 767 2014 castello,
778 1936 842 1992 dum
858 1936 915 1994 Cae·

229 2038 280 2076 sar
288 2016 335 2075 cui
342 2014 457 2096 Syriam
464 2016 652 2089 permitteret,
667 2016 827 2074 consuEtur.
840 2014 916 2075 Non

227 2118 345 2177 receptae
365 2096 543 2157 conditiones
564 2119 570 2153 :
590 2116 640 2155 nee
659 2094 736 2155 aliud
753 2093 839 2176 quim
860 2118 917 2155 na-

230 2199 297 2247 ves,
308 2188 336 2238 &
346 2198 439 2238 tutum
449 2178 598 2239 in'Urbem
610 2178 662 2237 iter
671 2197 833 2237 concessum
843 2176 891 2236 est.

273 2259 423 2318 LXXXII.
438 2260 479 2319 At
492 2259 608 2329 Romae,
625 2256 774 2339 postquam
789 2258 918 2319 Germa·-

232 2341 290 2400 nici
311 2339 446 2399 valetudo
466 2335 649 2420 percrebuit,
677 2343 854 2421 tunditque,
882 2360 917 2401 ut

171 2425 174 2429 ’
229 2443 264 2480 ex
285 2422 468 2508 longinquo,
496 2424 577 2481 audie
602 2423 631 2480 in
656 2419 777 2481 deterius
794 2420 914 2481 adfero

233 2503 353 2575 bantur,
376 2502 479 2571 dolor,
501 2505 551 2562 ira.
569 2502 609 2562 Et
628 2504 812 2582 erumpebant
833 2524 916 2585 quet-

231 2600 277 2646 'tus
298 2587 385 2645 :Ideo
405 2586 537 2645 nimirum
556 2585 587 2643 in
605 2602 740 2643 extremas
762 2603 850 2644 terras
870 2603 915 2644 re-

233 2666 920 2744 legatum:ideoPisonipennissamprovinciame

233 2748 285 2809 loe
301 2751 392 2831 egisse*
411 2764 529 2809 secretos
553 2744 678 2831 Auguste
697 2768 759 2808 cum.
774 2746 922 2808 Plancina
