<?xml version="1.0" encoding="UTF-8"?>
<!DOCTYPE html PUBLIC "-//W3C//DTD XHTML 1.0 Transitional//EN"
    "http://www.w3.org/TR/xhtml1/DTD/xhtml1-transitional.dtd">
<html xmlns="http://www.w3.org/1999/xhtml" xml:lang="en" lang="en">
 <head>
  <title>
</title>
<meta http-equiv="Content-Type" content="text/html;charset=utf-8" />
  <meta name='ocr-system' content='tesseract 3.04.00' />
  <meta name='ocr-capabilities' content='ocr_page ocr_carea ocr_par ocr_line ocrx_word'/>
</head>
<body>
  <div class='ocr_page' id='page_1' title='image "./ccorneliitaciti02lallgoog_0205.png"; bbox 0 0 2075 3659; ppageno 0'>
   <div class='ocr_carea' id='block_1_1' title="bbox 171 302 752 397">
    <p class='ocr_par' dir='ltr' id='par_1_1' title="bbox 171 302 752 397">
     <span class='ocr_line' id='line_1_1' title="bbox 171 302 752 397; baseline -0.007 -19"><span class='ocrx_word' id='word_1_1' title='bbox 171 306 421 381; x_wconf 67' lang='lat' dir='ltr'>Auruncu</span> <span class='ocrx_word' id='word_1_2' title='bbox 445 308 530 375; x_wconf 81' lang='lat' dir='ltr'>Lm.</span> <span class='ocrx_word' id='word_1_3' title='bbox 557 302 628 375; x_wconf 81' lang='lat' dir='ltr'>HI.</span> <span class='ocrx_word' id='word_1_4' title='bbox 688 326 752 397; x_wconf 82' lang='lat'>173</span> 
     </span>
    </p>
   </div>
   <div class='ocr_carea' id='block_1_2' title="bbox 68 423 834 2710">
    <p class='ocr_par' dir='ltr' id='par_1_2' title="bbox 68 423 834 2710">
     <span class='ocr_line' id='line_1_2' title="bbox 68 423 756 508; baseline -0.004 -17"><span class='ocrx_word' id='word_1_5' title='bbox 68 423 199 491; x_wconf 74' lang='lat' dir='ltr'>Caesium</span> <span class='ocrx_word' id='word_1_6' title='bbox 227 426 380 498; x_wconf 85' lang='lat' dir='ltr'><strong>Cordum,</strong></span> <span class='ocrx_word' id='word_1_7' title='bbox 408 428 605 508; x_wconf 86' lang='lat' dir='ltr'>proconsulem</span> <span class='ocrx_word' id='word_1_8' title='bbox 638 427 756 501; x_wconf 84' lang='lat' dir='ltr'>Ctetae,</span> 
     </span>
     <span class='ocr_line' id='line_1_3' title="bbox 70 508 755 592; baseline 0 -23"><span class='ocrx_word' id='word_1_9' title='bbox 70 510 262 592; x_wconf 87' lang='lat' dir='ltr'>postulaverat</span> <span class='ocrx_word' id='word_1_10' title='bbox 289 508 478 589; x_wconf 84' lang='lat' dir='ltr'>repetundis3</span> <span class='ocrx_word' id='word_1_11' title='bbox 513 510 611 571; x_wconf 84' lang='lat' dir='ltr'>addito</span> <span class='ocrx_word' id='word_1_12' title='bbox 647 514 755 589; x_wconf 85' lang='lat' dir='ltr'>majes-</span> 
     </span>
     <span class='ocr_line' id='line_1_4' title="bbox 71 591 756 673; baseline -0.001 -21"><span class='ocrx_word' id='word_1_13' title='bbox 71 595 140 653; x_wconf 85' lang='lat' dir='ltr'>tatis</span> <span class='ocrx_word' id='word_1_14' title='bbox 169 594 311 663; x_wconf 90' lang='lat' dir='ltr'>crimine,</span> <span class='ocrx_word' id='word_1_15' title='bbox 338 591 416 673; x_wconf 89' lang='lat' dir='ltr'>quod</span> <span class='ocrx_word' id='word_1_16' title='bbox 439 612 500 651; x_wconf 91' lang='lat' dir='ltr'>tum</span> <span class='ocrx_word' id='word_1_17' title='bbox 522 592 653 651; x_wconf 88' lang='lat' dir='ltr'>omnium</span> <span class='ocrx_word' id='word_1_18' title='bbox 671 612 756 651; x_wconf 66' lang='lat' dir='ltr'>accu⁴</span> 
     </span>
     <span class='ocr_line' id='line_1_5' title="bbox 70 673 754 753; baseline -0.001 -20"><span class='ocrx_word' id='word_1_19' title='bbox 70 675 228 733; x_wconf 84' lang='lat' dir='ltr'>sationum</span> <span class='ocrx_word' id='word_1_20' title='bbox 238 673 478 753; x_wconf 85' lang='lat' dir='ltr'>complementum</span> <span class='ocrx_word' id='word_1_21' title='bbox 492 694 559 733; x_wconf 87' lang='lat' dir='ltr'>erat.</span> <span class='ocrx_word' id='word_1_22' title='bbox 580 673 675 734; x_wconf 87' lang='lat' dir='ltr'>Caesar</span> <span class='ocrx_word' id='word_1_23' title='bbox 687 673 754 732; x_wconf 85' lang='lat' dir='ltr'>An-</span> 
     </span>
     <span class='ocr_line' id='line_1_6' title="bbox 72 753 756 835; baseline 0.001 -22"><span class='ocrx_word' id='word_1_24' title='bbox 72 753 182 814; x_wconf 88' lang='lat' dir='ltr'>tistium</span> <span class='ocrx_word' id='word_1_25' title='bbox 206 756 342 813; x_wconf 87' lang='lat' dir='ltr'>Veterem</span> <span class='ocrx_word' id='word_1_26' title='bbox 359 776 373 813; x_wconf 94' lang='lat' dir='ltr'>e</span> <span class='ocrx_word' id='word_1_27' title='bbox 392 755 560 835; x_wconf 77' lang='lat' dir='ltr'>primoribus</span> <span class='ocrx_word' id='word_1_28' title='bbox 577 753 756 814; x_wconf 69' lang='lat' dir='ltr'>Macedonia:</span> 
     </span>
     <span class='ocr_line' id='line_1_7' title="bbox 71 835 756 917; baseline 0 -22"><span class='ocrx_word' id='word_1_29' title='bbox 71 837 239 895; x_wconf 83' lang='lat' dir='ltr'>absolutum</span> <span class='ocrx_word' id='word_1_30' title='bbox 259 836 413 907; x_wconf 83' lang='lat' dir='ltr'>adulterii,</span> <span class='ocrx_word' id='word_1_31' title='bbox 434 837 576 917; x_wconf 85' lang='lat' dir='ltr'>increpitis</span> <span class='ocrx_word' id='word_1_32' title='bbox 592 835 756 916; x_wconf 91' lang='lat' dir='ltr'>judicibus,</span> 
     </span>
     <span class='ocr_line' id='line_1_8' title="bbox 71 916 755 997; baseline 0 -20"><span class='ocrx_word' id='word_1_33' title='bbox 71 917 111 977; x_wconf 82' lang='lat' dir='ltr'>ad</span> <span class='ocrx_word' id='word_1_34' title='bbox 142 917 295 977; x_wconf 85' lang='lat' dir='ltr'>dicendam</span> <span class='ocrx_word' id='word_1_35' title='bbox 325 916 446 997; x_wconf 84' lang='lat' dir='ltr'>majestis</span> <span class='ocrx_word' id='word_1_36' title='bbox 480 938 593 978; x_wconf 82' lang='lat' dir='ltr'>causam</span> <span class='ocrx_word' id='word_1_37' title='bbox 615 916 755 988; x_wconf 82' lang='lat' dir='ltr'>retraxit,</span> 
     </span>
     <span class='ocr_line' id='line_1_9' title="bbox 72 996 756 1080; baseline -0.001 -21"><span class='ocrx_word' id='word_1_38' title='bbox 72 1018 106 1059; x_wconf 87' lang='lat' dir='ltr'>ut</span> <span class='ocrx_word' id='word_1_39' title='bbox 137 999 313 1069; x_wconf 88' lang='lat' dir='ltr'>turbidum,</span> <span class='ocrx_word' id='word_1_40' title='bbox 345 1009 372 1060; x_wconf 77' lang='grc' dir='ltr'>δι</span> <span class='ocrx_word' id='word_1_41' title='bbox 396 996 613 1080; x_wconf 83' lang='lat' dir='ltr'>Rhescuporidis</span> <span class='ocrx_word' id='word_1_42' title='bbox 632 999 756 1059; x_wconf 88' lang='lat' dir='ltr'>consiliis</span> 
     </span>
     <span class='ocr_line' id='line_1_10' title="bbox 73 1079 757 1162; baseline 0 -23"><span class='ocrx_word' id='word_1_43' title='bbox 73 1084 266 1162; x_wconf 84' lang='lat' dir='ltr'>permixtum,</span> <span class='ocrx_word' id='word_1_44' title='bbox 281 1103 336 1162; x_wconf 85' lang='lat' dir='ltr'>qua</span> <span class='ocrx_word' id='word_1_45' title='bbox 357 1079 537 1161; x_wconf 86' lang='lat' dir='ltr'>tempestate,</span> <span class='ocrx_word' id='word_1_46' title='bbox 560 1080 657 1161; x_wconf 87' lang='lat' dir='ltr'>Cotye</span> <span class='ocrx_word' id='word_1_47' title='bbox 671 1080 757 1140; x_wconf 86' lang='lat' dir='ltr'>fratre</span> 
     </span>
     <span class='ocr_line' id='line_1_11' title="bbox 72 1161 755 1234; baseline 0.004 -13"><span class='ocrx_word' id='word_1_48' title='bbox 72 1161 247 1234; x_wconf 70' lang='lat' dir='ltr'>interfecto,</span> <span class='ocrx_word' id='word_1_49' title='bbox 274 1162 382 1223; x_wconf 89' lang='lat' dir='ltr'>bellum</span> <span class='ocrx_word' id='word_1_50' title='bbox 400 1162 529 1223; x_wconf 89' lang='lat' dir='ltr'>adversus</span> <span class='ocrx_word' id='word_1_51' title='bbox 547 1185 599 1222; x_wconf 90' lang='lat' dir='ltr'>nos</span> <span class='ocrx_word' id='word_1_52' title='bbox 616 1164 755 1224; x_wconf 84' lang='lat' dir='ltr'>volverat.</span> 
     </span>
     <span class='ocr_line' id='line_1_12' title="bbox 72 1242 755 1328; baseline -0.003 -23"><span class='ocrx_word' id='word_1_53' title='bbox 72 1244 169 1328; x_wconf 82' lang='lat' dir='ltr'>Igitur</span> <span class='ocrx_word' id='word_1_54' title='bbox 191 1246 260 1322; x_wconf 73' lang='lat' dir='ltr'>aqud</span> <span class='ocrx_word' id='word_1_55' title='bbox 285 1242 311 1305; x_wconf 64' lang='grc' dir='ltr'>ἃ</span> <span class='ocrx_word' id='word_1_56' title='bbox 335 1246 394 1324; x_wconf 77' lang='lat' dir='ltr'>igni</span> <span class='ocrx_word' id='word_1_57' title='bbox 416 1246 586 1304; x_wconf 72' lang='lat' dir='ltr'>interdiciurn</span> <span class='ocrx_word' id='word_1_58' title='bbox 605 1267 671 1314; x_wconf 83' lang='lat' dir='ltr'>reo,</span> <span class='ocrx_word' id='word_1_59' title='bbox 700 1244 755 1303; x_wconf 86' lang='lat' dir='ltr'>ad-</span> 
     </span>
     <span class='ocr_line' id='line_1_13' title="bbox 73 1328 758 1407; baseline 0.001 -23"><span class='ocrx_word' id='word_1_60' title='bbox 73 1330 291 1407; x_wconf 89' lang='lat' dir='ltr'>positumque,</span> <span class='ocrx_word' id='word_1_61' title='bbox 322 1346 352 1384; x_wconf 84' lang='lat' dir='ltr'>uc</span> <span class='ocrx_word' id='word_1_62' title='bbox 375 1345 509 1385; x_wconf 82' lang='lat' dir='ltr'>teneretur</span> <span class='ocrx_word' id='word_1_63' title='bbox 532 1328 646 1396; x_wconf 67' lang='lat' dir='ltr'>inculti,</span> <span class='ocrx_word' id='word_1_64' title='bbox 676 1346 758 1403; x_wconf 83' lang='lat' dir='ltr'>neque</span> 
     </span>
     <span class='ocr_line' id='line_1_14' title="bbox 74 1406 785 1484; baseline 0 -17"><span class='ocrx_word' id='word_1_65' title='bbox 74 1408 250 1469; x_wconf 78' lang='lat' dir='ltr'>Macedonica</span> <span class='ocrx_word' id='word_1_66' title='bbox 263 1430 344 1484; x_wconf 83' lang='lat' dir='ltr'>neque</span> <span class='ocrx_word' id='word_1_67' title='bbox 370 1407 492 1467; x_wconf 75' lang='lat' dir='ltr'>Thracica</span> <span class='ocrx_word' id='word_1_68' title='bbox 505 1408 664 1482; x_wconf 66' lang='lat' dir='ltr'>opportuni.</span> <span class='ocrx_word' id='word_1_69' title='bbox 678 1406 759 1467; x_wconf 86' lang='lat' dir='ltr'>Nam</span> <span class='ocrx_word' id='word_1_70' title='bbox 783 1421 785 1428; x_wconf 83' lang='grc'><em>’</em></span> 
     </span>
     <span class='ocr_line' id='line_1_15' title="bbox 73 1486 759 1570; baseline 0.006 -23"><span class='ocrx_word' id='word_1_71' title='bbox 73 1488 225 1570; x_wconf 72' lang='lat' dir='ltr'>Thracia,</span> <span class='ocrx_word' id='word_1_72' title='bbox 240 1488 331 1548; x_wconf 92' lang='lat' dir='ltr'>diviso</span> <span class='ocrx_word' id='word_1_73' title='bbox 353 1490 472 1570; x_wconf 86' lang='lat' dir='ltr'>imperio</span> <span class='ocrx_word' id='word_1_74' title='bbox 489 1492 520 1547; x_wconf 90' lang='lat' dir='ltr'>in</span> <span class='ocrx_word' id='word_1_75' title='bbox 540 1486 759 1551; x_wconf 85' lang='lat' dir='ltr'>Rhoemetalceu</span> 
     </span>
     <span class='ocr_line' id='line_1_16' title="bbox 74 1569 760 1651; baseline -0.001 -20"><span class='ocrx_word' id='word_1_76' title='bbox 74 1580 101 1631; x_wconf 87' lang='lat'>&amp;</span> <span class='ocrx_word' id='word_1_77' title='bbox 120 1572 229 1631; x_wconf 88' lang='lat' dir='ltr'>liberos</span> <span class='ocrx_word' id='word_1_78' title='bbox 243 1570 365 1651; x_wconf 88' lang='lat' dir='ltr'>Cotyis,</span> <span class='ocrx_word' id='word_1_79' title='bbox 381 1572 442 1651; x_wconf 91' lang='lat' dir='ltr'>quis</span> <span class='ocrx_word' id='word_1_80' title='bbox 460 1570 499 1629; x_wconf 94' lang='lat' dir='ltr'>ob</span> <span class='ocrx_word' id='word_1_81' title='bbox 517 1569 670 1630; x_wconf 78' lang='lat' dir='ltr'>infantiam</span> <span class='ocrx_word' id='word_1_82' title='bbox 681 1591 760 1630; x_wconf 87' lang='lat' dir='ltr'>tutor</span> 
     </span>
     <span class='ocr_line' id='line_1_17' title="bbox 73 1650 760 1723; baseline 0 -11"><span class='ocrx_word' id='word_1_83' title='bbox 73 1672 134 1713; x_wconf 87' lang='lat' dir='ltr'>erat</span> <span class='ocrx_word' id='word_1_84' title='bbox 154 1653 351 1711; x_wconf 89' lang='lat' dir='ltr'>Trebellienus</span> <span class='ocrx_word' id='word_1_85' title='bbox 369 1650 485 1723; x_wconf 81' lang='lat' dir='ltr'>Rufus,</span> <span class='ocrx_word' id='word_1_86' title='bbox 505 1653 656 1713; x_wconf 66' lang='lat' dir='ltr'>insolentia</span> <span class='ocrx_word' id='word_1_87' title='bbox 672 1651 760 1712; x_wconf 84' lang='lat' dir='ltr'>nostri</span> 
     </span>
     <span class='ocr_line' id='line_1_18' title="bbox 74 1730 761 1832; baseline -0.001 -38"><span class='ocrx_word' id='word_1_88' title='bbox 74 1734 184 1795; x_wconf 90' lang='lat' dir='ltr'>discors</span> <span class='ocrx_word' id='word_1_89' title='bbox 205 1734 354 1832; x_wconf 62' lang='lat' dir='ltr'>agebat-3¹</span> <span class='ocrx_word' id='word_1_90' title='bbox 377 1754 466 1815; x_wconf 89' lang='lat' dir='ltr'>neque</span> <span class='ocrx_word' id='word_1_91' title='bbox 503 1732 594 1793; x_wconf 76' lang='lat' dir='ltr'>mincis</span> <span class='ocrx_word' id='word_1_92' title='bbox 625 1730 761 1793; x_wconf 71' lang='lat' dir='ltr'>Rhotme-</span> 
     </span>
     <span class='ocr_line' id='line_1_19' title="bbox 73 1814 757 1896; baseline -0.001 -20"><span class='ocrx_word' id='word_1_93' title='bbox 73 1816 170 1877; x_wconf 86' lang='lat' dir='ltr'>talcen</span> <span class='ocrx_word' id='word_1_94' title='bbox 197 1836 283 1895; x_wconf 85' lang='lat' dir='ltr'>quam</span> <span class='ocrx_word' id='word_1_95' title='bbox 310 1814 520 1895; x_wconf 85' lang='lat' dir='ltr'>Trebellienum</span> <span class='ocrx_word' id='word_1_96' title='bbox 549 1818 677 1876; x_wconf 83' lang='lat' dir='ltr'>incusans</span> <span class='ocrx_word' id='word_1_97' title='bbox 700 1838 757 1896; x_wconf 93' lang='lat' dir='ltr'>po-</span> 
     </span>
     <span class='ocr_line' id='line_1_20' title="bbox 73 1897 760 1977; baseline 0 -20"><span class='ocrx_word' id='word_1_98' title='bbox 73 1899 217 1977; x_wconf 84' lang='lat' dir='ltr'>pularium</span> <span class='ocrx_word' id='word_1_99' title='bbox 249 1898 362 1977; x_wconf 74' lang='lat' dir='ltr'>injurias</span> <span class='ocrx_word' id='word_1_100' title='bbox 394 1897 496 1957; x_wconf 85' lang='lat' dir='ltr'>inultas</span> <span class='ocrx_word' id='word_1_101' title='bbox 530 1900 628 1955; x_wconf 84' lang='lat' dir='ltr'>sinere.</span> <span class='ocrx_word' id='word_1_102' title='bbox 658 1898 760 1957; x_wconf 80' lang='lat' dir='ltr'>Coela-</span> 
     </span>
     <span class='ocr_line' id='line_1_21' title="bbox 74 1977 761 2060; baseline -0.001 -21"><span class='ocrx_word' id='word_1_103' title='bbox 74 1980 134 2040; x_wconf 81' lang='lat' dir='ltr'>letae</span> <span class='ocrx_word' id='word_1_104' title='bbox 156 1977 351 2060; x_wconf 77' lang='lat' dir='ltr'>Odrusaeque,</span> <span class='ocrx_word' id='word_1_105' title='bbox 371 1986 397 2037; x_wconf 89' lang='lat'>&amp;</span> <span class='ocrx_word' id='word_1_106' title='bbox 417 1979 483 2049; x_wconf 80' lang='lat' dir='ltr'>alii,</span> <span class='ocrx_word' id='word_1_107' title='bbox 497 1978 598 2037; x_wconf 83' lang='lat' dir='ltr'>validae</span> <span class='ocrx_word' id='word_1_108' title='bbox 611 1980 761 2052; x_wconf 86' lang='lat' dir='ltr'>nationes,</span> 
     </span>
     <span class='ocr_line' id='line_1_22' title="bbox 73 2057 761 2139; baseline -0.003 -19"><span class='ocrx_word' id='word_1_109' title='bbox 73 2082 153 2120; x_wconf 83' lang='lat' dir='ltr'>arma</span> <span class='ocrx_word' id='word_1_110' title='bbox 192 2080 309 2139; x_wconf 89' lang='lat' dir='ltr'>cepere,</span> <span class='ocrx_word' id='word_1_111' title='bbox 341 2058 458 2119; x_wconf 91' lang='lat' dir='ltr'>ducibus</span> <span class='ocrx_word' id='word_1_112' title='bbox 484 2057 629 2127; x_wconf 88' lang='lat' dir='ltr'>diversis,</span> <span class='ocrx_word' id='word_1_113' title='bbox 655 2067 682 2117; x_wconf 92' lang='lat'>&amp;</span> <span class='ocrx_word' id='word_1_114' title='bbox 709 2081 761 2139; x_wconf 83' lang='lat' dir='ltr'>pa-</span> 
     </span>
     <span class='ocr_line' id='line_1_23' title="bbox 74 2140 834 2221; baseline -0.004 -19"><span class='ocrx_word' id='word_1_115' title='bbox 74 2142 151 2202; x_wconf 81' lang='lat' dir='ltr'>ribus</span> <span class='ocrx_word' id='word_1_116' title='bbox 184 2142 256 2200; x_wconf 89' lang='lat' dir='ltr'>inter</span> <span class='ocrx_word' id='word_1_117' title='bbox 285 2150 313 2199; x_wconf 88' lang='lat' dir='ltr'>se&#39;</span> <span class='ocrx_word' id='word_1_118' title='bbox 338 2162 386 2219; x_wconf 87' lang='lat' dir='ltr'>per</span> <span class='ocrx_word' id='word_1_119' title='bbox 420 2140 633 2221; x_wconf 79' lang='lat' dir='ltr'>ignobilitatem</span> <span class='ocrx_word' id='word_1_120' title='bbox 665 2162 672 2196; x_wconf 91' lang='lat'>:</span> <span class='ocrx_word' id='word_1_121' title='bbox 700 2162 762 2221; x_wconf 82' lang='lat' dir='ltr'>quae</span> <span class='ocrx_word' id='word_1_122' title='bbox 829 2190 834 2199; x_wconf 92' lang='lat'>.</span> 
     </span>
     <span class='ocr_line' id='line_1_24' title="bbox 75 2220 759 2293; baseline -0.004 -10"><span class='ocrx_word' id='word_1_123' title='bbox 75 2246 160 2284; x_wconf 84' lang='lat' dir='ltr'>causa</span> <span class='ocrx_word' id='word_1_124' title='bbox 183 2220 260 2293; x_wconf 90' lang='lat' dir='ltr'>fuit,</span> <span class='ocrx_word' id='word_1_125' title='bbox 279 2236 315 2281; x_wconf 78' lang='lat' dir='ltr'>ne¹</span> <span class='ocrx_word' id='word_1_126' title='bbox 335 2224 365 2281; x_wconf 89' lang='lat' dir='ltr'>in</span> <span class='ocrx_word' id='word_1_127' title='bbox 387 2221 494 2281; x_wconf 90' lang='lat' dir='ltr'>bellum</span> <span class='ocrx_word' id='word_1_128' title='bbox 514 2242 594 2281; x_wconf 85' lang='lat' dir='ltr'>atrox</span> <span class='ocrx_word' id='word_1_129' title='bbox 617 2221 759 2281; x_wconf 86' lang='lat' dir='ltr'>coalesce-</span> 
     </span>
     <span class='ocr_line' id='line_1_25' title="bbox 76 2304 762 2384; baseline -0.003 -17"><span class='ocrx_word' id='word_1_130' title='bbox 76 2326 138 2367; x_wconf 76' lang='lat' dir='ltr'>rent</span> <span class='ocrx_word' id='word_1_131' title='bbox 160 2329 167 2363; x_wconf 92' lang='lat'><strong>:</strong></span> <span class='ocrx_word' id='word_1_132' title='bbox 186 2325 247 2384; x_wconf 85' lang='lat' dir='ltr'>pars</span> <span class='ocrx_word' id='word_1_133' title='bbox 261 2304 376 2363; x_wconf 87' lang='lat' dir='ltr'>turbant</span> <span class='ocrx_word' id='word_1_134' title='bbox 387 2305 530 2383; x_wconf 80' lang='lat' dir='ltr'>prasentia</span> <span class='ocrx_word' id='word_1_135' title='bbox 546 2328 553 2360; x_wconf 88' lang='lat'>:</span> <span class='ocrx_word' id='word_1_136' title='bbox 569 2305 618 2363; x_wconf 86' lang='lat' dir='ltr'>alii</span> <span class='ocrx_word' id='word_1_137' title='bbox 631 2325 762 2375; x_wconf 82' lang='lat' dir='ltr'>montem</span> 
     </span>
     <span class='ocr_line' id='line_1_26' title="bbox 76 2385 762 2469; baseline -0.006 -20"><span class='ocrx_word' id='word_1_138' title='bbox 76 2387 216 2449; x_wconf 82' lang='lat' dir='ltr'>Haemum</span> <span class='ocrx_word' id='word_1_139' title='bbox 237 2385 497 2469; x_wconf 81' lang='lat' dir='ltr'>transgrediuntur,</span> <span class='ocrx_word' id='word_1_140' title='bbox 521 2406 552 2445; x_wconf 91' lang='lat' dir='ltr'>ut</span> <span class='ocrx_word' id='word_1_141' title='bbox 565 2407 690 2446; x_wconf 86' lang='lat' dir='ltr'>remotos</span> <span class='ocrx_word' id='word_1_142' title='bbox 708 2408 762 2466; x_wconf 91' lang='lat' dir='ltr'>po-</span> 
     </span>
     <span class='ocr_line' id='line_1_27' title="bbox 78 2467 762 2550; baseline -0.007 -20"><span class='ocrx_word' id='word_1_143' title='bbox 78 2471 160 2550; x_wconf 84' lang='lat' dir='ltr'>pulos</span> <span class='ocrx_word' id='word_1_144' title='bbox 180 2468 324 2528; x_wconf 89' lang='lat' dir='ltr'>concirent</span> <span class='ocrx_word' id='word_1_145' title='bbox 342 2467 477 2547; x_wconf 73' lang='lat' dir='ltr'>:plurimi</span> <span class='ocrx_word' id='word_1_146' title='bbox 493 2490 526 2527; x_wconf 85' lang='lat' dir='ltr'>ac</span> <span class='ocrx_word' id='word_1_147' title='bbox 544 2469 668 2527; x_wconf 71' lang='lat' dir='ltr'>maxime</span> <span class='ocrx_word' id='word_1_148' title='bbox 680 2489 762 2525; x_wconf 82' lang='lat' dir='ltr'>conr-</span> 
     </span>
     <span class='ocr_line' id='line_1_28' title="bbox 80 2546 763 2632; baseline -0.007 -21"><span class='ocrx_word' id='word_1_149' title='bbox 80 2553 187 2631; x_wconf 89' lang='lat' dir='ltr'>positi,</span> <span class='ocrx_word' id='word_1_150' title='bbox 208 2570 324 2632; x_wconf 80' lang='lat' dir='ltr'>regem,</span> <span class='ocrx_word' id='word_1_151' title='bbox 345 2548 499 2629; x_wconf 85' lang='lat' dir='ltr'>urbemque</span> <span class='ocrx_word' id='word_1_152' title='bbox 518 2546 763 2629; x_wconf 91' lang='lat' dir='ltr'>Philippopolim,</span> 
     </span>
     <span class='ocr_line' id='line_1_29' title="bbox 83 2628 764 2710; baseline -0.004 -18"><span class='ocrx_word' id='word_1_153' title='bbox 83 2630 275 2692; x_wconf 83' lang='lat' dir='ltr'>aMacedone</span> <span class='ocrx_word' id='word_1_154' title='bbox 288 2628 420 2710; x_wconf 88' lang='lat' dir='ltr'>Philippo</span> <span class='ocrx_word' id='word_1_155' title='bbox 434 2632 535 2700; x_wconf 83' lang='lat' dir='ltr'>sitam,</span> <span class='ocrx_word' id='word_1_156' title='bbox 555 2629 764 2689; x_wconf 87' lang='lat' dir='ltr'>circumsidunt.</span> 
     </span>
    </p>
   </div>
   <div class='ocr_carea' id='block_1_3' title="bbox 84 2712 765 2877">
    <p class='ocr_par' dir='ltr' id='par_1_3' title="bbox 84 2712 765 2877">
     <span class='ocr_line' id='line_1_30' title="bbox 123 2712 765 2794; baseline -0.003 -21"><span class='ocrx_word' id='word_1_157' title='bbox 123 2712 269 2773; x_wconf 90' lang='lat' dir='ltr'>XXXIX.</span> <span class='ocrx_word' id='word_1_158' title='bbox 292 2712 363 2788; x_wconf 88' lang='lat' dir='ltr'>Quae</span> <span class='ocrx_word' id='word_1_159' title='bbox 384 2712 434 2770; x_wconf 91' lang='lat' dir='ltr'>ubi</span> <span class='ocrx_word' id='word_1_160' title='bbox 458 2715 574 2794; x_wconf 79' lang='lat' dir='ltr'>cognita</span> <span class='ocrx_word' id='word_1_161' title='bbox 596 2712 627 2769; x_wconf 89' lang='lat' dir='ltr'>P.</span> <span class='ocrx_word' id='word_1_162' title='bbox 645 2712 765 2787; x_wconf 81' lang='lat' dir='ltr'>¹Velleio</span> 
     </span>
     <span class='ocr_line' id='line_1_31' title="bbox 84 2792 764 2877; baseline 0.001 -24"><span class='ocrx_word' id='word_1_163' title='bbox 84 2796 142 2875; x_wconf 67' lang='lat' dir='ltr'>[is</span> <span class='ocrx_word' id='word_1_164' title='bbox 181 2795 344 2877; x_wconf 81' lang='lat' dir='ltr'>proximum</span> <span class='ocrx_word' id='word_1_165' title='bbox 382 2795 535 2857; x_wconf 81' lang='lat' dir='ltr'>exercitum</span> <span class='ocrx_word' id='word_1_166' title='bbox 570 2792 764 2870; x_wconf 76' lang='lat' dir='ltr'>praesidebat)</span> 
     </span>
    </p>
   </div>
   <div class='ocr_carea' id='block_1_4' title="bbox 559 2873 641 2953">
    <p class='ocr_par' dir='ltr' id='par_1_4' title="bbox 559 2873 641 2953">
     <span class='ocr_line' id='line_1_32' title="bbox 559 2873 641 2953; baseline -0.085 -17"><span class='ocrx_word' id='word_1_167' title='bbox 559 2873 590 2936; x_wconf 88' lang='lat' dir='ltr'><em>H</em></span> <span class='ocrx_word' id='word_1_168' title='bbox 611 2875 641 2953; x_wconf 79' lang='lat' dir='ltr'>iij</span> 
     </span>
    </p>
   </div>
   <div class='ocr_carea' id='block_1_5' title="bbox 0 0 1054 3659">
    <p class='ocr_par' dir='ltr' id='par_1_5' title="bbox 0 0 1054 3659">
     <span class='ocr_line' id='line_1_33' title="bbox 0 0 1054 3659; baseline 0 0"><span class='ocrx_word' id='word_1_169' title='bbox 0 0 1054 3659; x_wconf 95' lang='lat' dir='ltr'> </span> 
     </span>
    </p>
   </div>
  </div>
 </body>
</html>
