2075 3659
212 282 460 357 Annrttnn
484 288 569 355 Lm.
594 287 624 355 I.
705 308 746 379 25

69 412 132 471 vite
151 408 182 467 in
199 428 241 468 tet
301 410 419 479 militis,
439 409 558 469 alteram
574 408 648 468 clara
662 430 751 484 voce,

70 513 106 551 ac
123 512 213 551 rursus
260 492 317 549 iam
336 490 470 569 poscebat
489 512 496 546 ε
517 509 622 549 ceteros
641 492 754 553 larebrae

71 592 167 633 texere
175 614 186 641 ,
209 592 266 631 uno
284 592 394 633 retento
415 570 567 631 Clemente
587 572 684 641 lulio,
703 577 754 653 qui

71 652 246 733 perferendis
276 654 402 712 militum
431 652 572 712 mandatis
597 649 754 714 habebatur

71 734 213 801 idoneus,
235 732 274 791 ob
299 753 463 812 promptum
492 734 649 814 ingenium.
674 735 754 811 Quin

72 818 140 895 ipsae
159 818 231 874 inter
247 835 276 873 se
295 814 422 897 legiones
443 817 543 874 oflava
561 823 590 873 &
604 817 754 895 quintade-

72 916 159 955 cuma
178 894 283 955 ferrum
301 896 456 973 parabant,
472 894 542 955 dum
563 899 756 959 centurionem

74 997 272 1070 cognomento
286 976 441 1055 Sirpicum,
452 977 503 1035 illa
512 979 599 1037 morti
612 977 755 1057 deposcit,

75 1057 331 1139 quintadecumani
346 1077 473 1127 tuentur,
488 1059 518 1117 ni
532 1060 613 1117 miles
627 1080 757 1122 nonanus

75 1160 198 1221 preces,
223 1149 251 1199 dc
275 1138 419 1199 adversum
444 1140 639 1219 aspernantis,
663 1145 756 1203 minas

74 1222 266 1299 mrerjetisser.

117 1301 232 1363 XXIV.
262 1300 331 1361 Haec
359 1302 477 1372 audita,
505 1323 680 1383 quamquam
703 1305 756 1363 ab·

76 1403 220 1451 strusum,
253 1390 281 1443 u
306 1384 462 1443 tristissima
489 1404 604 1464 queque
632 1388 758 1445 maxime

77 1464 271 1523 occultantem
289 1462 437 1523 Tiberium
458 1466 615 1543 perpulere,
634 1486 666 1525 nt
684 1466 757 1525 Dru-

78 1566 141 1605 sum
156 1543 249 1605 filium
267 1566 331 1605 cum
345 1546 513 1624 primoribus
527 1547 671 1615 civitatis,
686 1546 757 1607 dua-

80 1628 189 1707 busque
201 1629 332 1706 praetoriis
346 1625 510 1687 cohortibus
520 1628 660 1697 mitteret,
673 1630 767 1689 nullis·

80 1710 148 1769 satis
167 1709 248 1767 certis
269 1707 409 1767 mandatis
427 1732 433 1764 :
452 1730 486 1766 er
505 1728 535 1765 te
556 1710 757 1771 consulturum.

81 1790 120 1849 Et
142 1785 274 1851 cohortes
296 1788 405 1849 deledio
428 1788 518 1848 milite
539 1810 620 1869 supra
640 1794 759 1851 solitum

82 1868 208 1931 litmarae.
236 1870 357 1930 Additur
385 1892 490 1953 magna
514 1891 576 1949 pars
600 1875 759 1951 pretoriani

82 1954 206 2033 equitis,
221 1961 248 2011 δι
266 1952 369 2011 robora
382 1952 613 2021 Germanorum,
632 1956 682 2033 qui
696 1974 758 2013 tum

84 2032 210 2092 custodes
221 2035 382 2111 imperatori
396 2033 512 2092 aderant
523 2055 530 2088 ε
540 2034 624 2091 simul
637 2038 758 2113 praetorii

84 2114 227 2193 praefectus
246 2114 342 2175 AElius
368 2114 506 2192 Sejanus,
535 2113 644 2197 collega
674 2115 757 2174 Stra-

86 2196 153 2261 boni
176 2197 250 2275 patri
272 2217 322 2255 suo
348 2192 454 2263 datus,
475 2215 582 2277 magna
605 2195 680 2274 apud
706 2196 759 2256 Ti·

86 2277 196 2337 berium
230 2278 429 2346 austeritate,
459 2279 550 2335 rector
574 2279 698 2355 juveni,
730 2288 759 2339 &

87 2361 183 2419 ceteris
203 2358 390 2437 periculorum
409 2360 641 2438 praemiorumque
660 2360 773 2420 ostem·

86 2460 168 2499 tator.
203 2440 298 2501 Druso
335 2440 563 2519 propinquanti,
598 2442 679 2519 quasi
712 2462 761 2520 per

86 2522 212 2581 officium
234 2520 325 2581 obviat
343 2518 417 2580 fuere
432 2520 574 2601 legiones,
597 2542 656 2578 non
677 2522 761 2592 laetae,

86 2623 117 2662 ut
143 2601 277 2671 adsolet,
299 2622 389 2681 neque
412 2601 570 2683 insignibus
592 2600 731 2683 fulgentes
747 2624 775 2671 ,ι

86 2682 133 2745 sed
169 2684 276 2743 inluvie
310 2682 433 2743 deformi
459 2691 486 2743 δι
519 2682 628 2750 vultu,
663 2704 774 2762 quam-1

90 2786 175 2846 quam
195 2763 355 2829 maestitiam
370 2766 565 2837 imitarentur,
579 2768 762 2827 contumaciae

92 2849 240 2927 propiores.

136 2930 215 2987 Tom.
239 2927 266 2987 I.
660 2926 683 2985 Β
