2075 3659
207 308 457 382 Arainon
480 310 566 380 Lis.
594 311 659 382 VI.
713 331 775 404 305

93 429 208 503 retuli,
222 451 270 511 per
282 430 412 511 abruptas
422 451 512 499 ,venas
528 433 694 571 sanguinent
711 430 780 492 effit-

94 512 169 583 dit3
187 514 371 591 aemuiataque
388 510 427 570 est
443 517 564 592 conjunx
601 534 676 573 axaea
691 536 697 570 ι
712 531 780 574 nam

95 611 248 674 promptas
266 592 405 672 ejusmodi
426 613 550 662 mortes,
571 613 662 654 metus
683 597 778 654 carni-

96 671 165 733 ficis
181 673 304 732 faciebat
324 697 331 730 :
347 681 375 734 &
390 675 458 755 quia
474 674 617 745 damnati,
633 674 781 754 publicatis

95 753 189 814 bonis
207 801 219 824 ,
247 753 386 835 sepulturi
413 753 654 835 prohibebantur3
683 776 781 818 eorum

95 837 154 917 qui
167 834 201 894 de
212 856 240 896 se
251 833 426 906 statuebant,
439 833 628 896 humabantur
643 857 781 917 corpora,

98 917 261 983 maerebant
277 914 459 986 testamenta,
481 919 600 997 pretium
621 915 781 980 festinandi.

98 991 162 1058 Seci
174 997 272 1058 Caesar
283 999 374 1057 missis
386 997 424 1057 ad
435 1017 562 1058 senatum
581 999 698 1069 litteris,
718 999 780 1063 dis·

97 1081 210 1150 seruit,
237 1099 337 1138 morem
349 1079 443 1156 fitisse
464 1079 633 1162 majoribus,
657 1083 782 1158 quorr'eas
862 1081 864 1084 ¹

99 1161 266 1220 dirimerent
275 1159 428 1230 amicitias,
436 1161 595 1220 interdicere
604 1165 681 1221 domo
689 1205 701 1232 ,
713 1186 783 1224 eunt·

100 1264 155 1319 que
171 1243 257 1320 finem
271 1242 368 1320 gratia
381 1261 479 1316 ponere
499 1267 511 1300 .·
530 1242 562 1301 id
574 1264 604 1300 se
622 1243 783 1316 repetivisse

101 1323 137 1381 in
149 1323 273 1381 Labeone
283 1347 293 1380 .·
302 1341 380 1399 atque
393 1323 488 1392 illum,
496 1323 561 1399 quia
571 1323 641 1381 mali
651 1327 784 1394 adminis-

101 1422 186 1462 trata
198 1400 371 1478 prouinciae,
391 1403 557 1479 alionemque
574 1400 718 1464 criminum
739 1429 785 1466 ur-

98 1485 235 1565 gebatur,
259 1485 364 1559 culpam
382 1484 493 1544 invidici
511 1485 652 1544 velavisse
657 1506 671 1556 ,¹
681 1487 786 1569 frustra

101 1566 256 1625 conterriti
273 1587 374 1634 uxore,
389 1585 488 1641 quam,
498 1566 554 1624 etsi
565 1583 720 1637 nocentem,
731 1591 784 1642 pe·

101 1648 191 1707 rituli
202 1665 291 1706 tamen
297 1664 431 1720 expertem
432 1646 536 1724 fuisse.
550 1645 712 1706 Mamercus
718 1647 785 1712 dein

102 1728 228 1788 Scaurus
248 1747 354 1787 tursum
373 1724 541 1807 postulatur,
562 1729 679 1811 insignis
698 1729 784 1790 nobi-

101 1809 189 1870 litate
210 1816 238 1869 δι
257 1808 370 1868 orandis
392 1810 501 1879 causis,
523 1807 581 1868 viti
606 1809 754 1888 probrosus
775 1833 785 1870 t

102 1887 184 1951 nihil
207 1887 282 1949 hunc
306 1890 432 1950 amicitia
451 1890 564 1967 Sejani,
584 1890 631 1948 sed
653 1890 786 1954 labefecit

103 1967 187 2032 haud
208 1968 301 2031 mimis
321 1969 448 2030 validum
470 1969 507 2028 ad
529 1970 613 2027 exitia
637 1971 785 2034 Macronis

102 2052 231 2123 odium,
252 2053 301 2131 qui
323 2050 433 2110 easdetn'
455 2068 526 2109 artes
547 2049 683 2110 occultius
708 2072 786 2112 exer-

102 2134 194 2195 cebat
216 2155 223 2189 :
246 2131 435 2211 desideratque
456 2149 653 2213 argumentum
675 2149 783 2216 tragor-

103 2216 184 2286 dia,
202 2234 219 2272 a
238 2212 344 2272 Scauro
365 2213 495 2290 scriptae,
517 2209 620 2271 additis
638 2215 785 2288 versibus,

130 2297 162 2354 ui
191 2296 222 2354 in
245 2292 393 2352 Tiberium
415 2295 595 2352 flecterentur.
619 2293 726 2354 Venim
748 2297 786 2356 ab

104 2319 232 2438 gervilio
250 2383 278 2434 δι
302 2374 439 2436 Cornelio
459 2375 686 2448 accusatoribus,
709 2380 786 2438 adul·

107 2458 210 2517 terium
224 2456 334 2542 Livio,
354 2478 492 2534 magonem
506 2478 587 2516 sacra
601 2456 787 2535 objeliaban-

107 2557 164 2600 tur.
184 2538 324 2604 Scaurus,
342 2555 374 2595 ut
394 2537 512 2618 dignum
529 2539 668 2597 veteribus
687 2537 787 2598 AEmi-

108 2620 175 2688 iiis,
187 2617 401 2678 damnationem
413 2619 501 2676 anteit
515 2639 522 2672 ι
538 2614 666 2676 hortante
680 2621 785 2680 Sexitia

110 2720 215 2771 uxore,
235 2721 297 2780 quae
317 2700 533 2763 incitamentum
552 2701 649 2760 mortis
661 2745 670 2774 ,
684 2708 711 2761 δι
722 2719 787 2782 pat-

19 2790 20 2793 ’
109 2782 197 2863 ticeps
216 2779 279 2842 fuit.

897 332 911 357 θ
