2075 3659
171 268 418 343 AuuArrun
442 276 529 345 lia.
554 280 624 349 ΙΙΙ.
679 289 745 370 167

59 391 131 454 -rarb
160 388 333 475 sempiterna
355 418 362 451 ε
384 418 421 455 an
448 399 537 457 satias
564 401 668 479 capit,
697 423 747 464 aut

64 475 155 546 illos,
180 498 267 557 quum
288 478 385 535 omnia
407 477 582 550 tribuerunt,
604 501 653 541 aut
674 479 748 557 bos,

63 576 158 649 quum
185 562 244 636 jam
269 555 342 617 nihil
365 558 506 639 reliquum
532 558 571 620 est
594 562 674 643 quod
698 585 749 623 cu-

64 658 156 719 piant.

107 719 224 779 XXXI.
238 720 370 801 Sequitur
384 720 495 815 Tiberii
510 742 646 804 quartus,
661 725 748 785 Dmsi

67 800 206 859 secundus
224 803 403 873 consulatus,
423 823 509 882 patris
519 824 604 885 atque
619 803 671 863 filii
682 808 746 864 col-

68 881 145 962 legio
169 883 288 964 insignis
312 906 319 938 z
341 904 408 942 nam
427 884 543 943 biennio
561 905 645 956 ante,
669 886 747 946 Ger·

69 964 178 1021 manici
201 984 267 1021 cum
288 962 407 1022 Tiberio
427 964 503 1025 idem
518 963 631 1036 honor,
656 989 748 1049 neque

64 1060 172 1123 'patruo
185 1044 283 1114 latus,
303 1064 392 1125 neque
413 1046 512 1107 naturis
532 1066 591 1106 tarn
607 1068 748 1109 connexus

69 1123 171 1185 fuerat.
191 1126 260 1204 Ejus
274 1128 341 1184 anni
361 1128 497 1207 principio
506 1126 655 1198 Tiberius,
666 1132 749 1227 missi

68 1203 215 1266 firmandae
226 1206 381 1266 valetudini
392 1253 403 1275 ,
424 1210 453 1267 in
474 1208 666 1288 Campaniam
677 1232 749 1271 con-

69 1289 150 1347 cessit
173 1334 183 1359 ,
212 1287 331 1369 longam
352 1297 378 1348 &
402 1291 567 1349 continuam
591 1292 750 1351 absentiam

70 1369 224 1447 paullatim
236 1368 392 1437 meditans3
407 1370 464 1429 sive
478 1390 526 1440 ut,
542 1391 641 1429 amoto
652 1392 748 1449 patre,

72 1448 180 1509 Drusus
202 1451 301 1509 munia
336 1448 494 1509 consularius
518 1452 592 1510 solus
612 1452 750 1530 impleret.

27 1529 29 1531 ’
71 1530 114 1590 Ac
125 1529 201 1591 forte
216 1550 300 1609 parua
313 1551 378 1600 res,
400 1552 538 1613 magnum
556 1531 594 1591 ad
609 1540 757 1593 certamen

73 1628 240 1695 progressa,
261 1611 376 1690 praebuit
396 1614 491 1689 juveni
511 1615 661 1673 materiam
679 1616 752 1693 apis-

73 1694 155 1753 cendi
184 1692 313 1753 favoris.-
327 1693 472 1753 Domitius
499 1692 652 1765 Corbulo,
675 1716 747 1773 prx-

75 1774 134 1833 turl
165 1774 299 1844 funllu's,
323 1772 357 1832 de
381 1775 414 1833 L.
437 1774 513 1835 Sulla
540 1776 630 1835 nobili
648 1782 751 1855 juvene

76 1854 183 1935 questus
196 1852 237 1913 est
247 1854 321 1934 apud
342 1863 491 1925 senatum,
514 1857 585 1933 qula
602 1858 660 1916 sibi
679 1859 754 1918 inter

75 1939 226 2010 spellacula
242 1936 444 2014 gladiatorum,
466 1938 525 1995 loco
544 1960 598 1995 nort
617 1940 751 1997 decessis-

76 2038 123 2077 set.
149 2018 209 2077 Pro
233 2017 398 2077 Corbulone
424 2037 510 2086 aetas,
537 2020 639 2095 patrius
665 2038 750 2090 mos,

78 2096 164 2159 studia
186 2100 328 2159 seniorum
346 2117 424 2157 erant
444 2120 450 2153 :
471 2117 569 2157 contra
591 2099 752 2158 Mamercus

79 2179 214 2251 Scaurus,
238 2188 265 2239 δι
286 2180 319 2237 L.
343 2178 514 2249 Arruntius,
541 2179 644 2259 aliique
670 2179 752 2239 Sullz

80 2262 231 2343 propinqui
249 2260 409 2319 nitebantur
424 2282 430 2315 :
447 2258 591 2319 certabant
608 2262 751 2320 ora-tioni-

80 2342 150 2414 bus,
167 2353 195 2405 &
215 2340 582 2416 memorabantutexnnpla
598 2344 751 2423 majorum,

80 2426 124 2501 qui
131 2425 292 2505 juventutis
306 2424 517 2483 ,inreveremiam
526 2424 657 2502 grauibus
669 2427 754 2484 decre-

81 2507 118 2564 tis
128 2506 307 2573 notavissent¹
322 2528 332 2563 .-
351 2502 440 2563 donec
450 2504 556 2564 Drusus
568 2524 633 2582 apta
644 2525 754 2582 tempe·
826 2566 829 2571 ,

81 2587 173 2647 randis
185 2588 287 2645 animis
296 2584 423 2644 disseruit
434 2607 443 2654 3
458 2593 485 2644 δι
495 2583 668 2643 satisfaciam
681 2585 756 2643 Cor·

83 2666 182 2729 boloni
200 2688 247 2747 per
260 2667 460 2734 Mamercum,
483 2668 533 2745 qui
549 2671 661 2744 patruus
672 2664 755 2723 simul

83 2770 113 2809 ac
130 2751 247 2811 vitricus
277 2745 379 2817 Suus,
407 2755 434 2809 δι
460 2766 606 2809 oratorum
624 2767 657 2805 ea
675 2764 756 2806 aetate
