2075 3659
179 300 182 305 -
241 267 308 353 158
374 261 411 330 C.
440 261 584 331 Corn.
616 263 797 331 Tacrrr

237 383 321 463 pertis
335 377 441 440 habent
455 426 464 451 ‚
484 381 535 439 alii
547 400 612 439 vera
626 382 656 439 in
668 384 843 461 contrarium
854 404 928 443 ναι

238 482 303 523 tunt
320 486 326 519 :
346 472 373 521 &
411 463 486 521 liscit
504 481 652 543 utrumque
677 461 847 541 posteritate.
878 467 928 525 At

237 542 343 605 Drusus
359 484 425 604 urie
444 562 566 625 egressus
586 543 742 622 reparandis
762 547 925 623 auspiciis,

238 642 308 689 mox
325 646 413 683 ovans
433 625 544 693 introiit
565 647 572 679 :
594 644 753 705 paucosque
773 624 838 705 post
856 626 925 686 dies

165 732 169 741 ·
238 704 377 785 Vipsania
391 726 481 765 mater
493 710 551 783 ejus
562 707 695 776 excessit,
711 727 768 765 una
784 710 927 767 omnium'

239 784 371 868 Agrippa
388 786 540 845 liberorum
555 788 619 845 miti
632 786 715 846 obitu
730 810 737 842 ι
752 808 823 845 nam
843 809 927 848 cete·

238 887 284 930 ros
309 866 488 928 manifestum
510 866 613 937 ferro,
640 868 686 926 vel
712 868 852 928 creditum
879 867 927 927 est

237 968 370 1019 veneno,
384 968 432 1007 aut
447 948 523 1008 fame
539 950 685 1009 extinctos.

244 1066 247 1073 ·
279 1029 347 1089 XX.
377 1030 488 1089 Eodem
510 1050 585 1089 anno
614 1028 806 1100 Tacfarinas,
832 1050 924 1110 quern

239 1111 330 1189 priore
345 1108 440 1169 astate
451 1112 561 1190 pulsum
573 1133 590 1170 a
604 1110 733 1170 Camillo
747 1114 925 1183 memoravi,

239 1190 400 1249 bellunm
424 1192 521 1253 Ari-ica
542 1212 675 1263 renovat,
693 1193 775 1274 vagis
794 1191 924 1271 primum

240 1273 469 1351 populationibus
483 1320 493 1345 ,
507 1282 535 1333 δι
546 1274 585 1331 ob
595 1274 789 1352 pernicitatem
799 1274 924 1333 inultist

242 1352 308 1413 dein
316 1356 394 1413 vicos
404 1354 579 1424 exscindere3
595 1351 710 1414 trahere,
758 1375 824 1413 aves
846 1376 926 1434 prae·

242 1433 321 1494 das:
343 1432 483 1516 postremi>
503 1434 580 1495 baud
605 1436 702 1514 procul
724 1372 837 1517 {igidi
862 1438 925 1495 flu-

242 1518 321 1575 mine
354 1514 500 1577 cohortem
535 1517 697 1575 Romanam
731 1518 924 1578 circumsedit.

242 1597 360 1659 Praeerat
390 1597 501 1658 castello
524 1598 642 1657 Decrius
665 1598 796 1680 impiger
810 1618 925 1669 manu,

243 1682 377 1740 exercitus
398 1679 523 1750 utilitia,
539 1688 568 1737 8c
583 1680 662 1739 issam
673 1678 857 1737 obsidionem
870 1683 926 1738 fla-

244 1760 309 1841 gitii
321 1780 404 1820 rarus.
418 1760 445 1819 Is
459 1758 624 1820 cohortatus
636 1759 759 1830 milites,
773 1778 804 1819 ur
815 1762 927 1835 copiam

239 1862 338 1919 pugna
354 1843 384 1901 in
395 1859 490 1915 aperto
497 1842 641 1919 facerent,
658 1843 749 1907 aciem
762 1862 813 1920 pro
827 1840 927 1903 castris

243 1920 373 1993 instruit5
399 1924 548 2003 primoque
567 1924 675 2002 impetu
691 1923 769 2003 pulsa
783 1920 925 1995 cohorte,

244 2023 389 2085 promptus
405 2005 477 2064 inter
497 2005 554 2064 tela
573 2024 701 2063 occursat
722 2002 924 2085 fugientibus,

244 2086 370 2166 increpat
383 2084 549 2169 signiferos,
569 2085 642 2162 quod
653 2084 803 2147 inconditis
814 2104 865 2143 aut
878 2088 928 2144 de-

244 2168 393 2227 sertoribus
406 2168 485 2225 miles
495 2166 637 2225 Romanus
650 2184 725 2244 terga
737 2166 927 2227 darettsimui

245 2266 373 2326 excepta·
386 2248 526 2318 vulnera,
551 2256 602 2318 δι,
626 2266 801 2328 quamquam
826 2267 926 2307 trans-

245 2325 323 2387 fosso
336 2328 438 2397 oculo,
452 2327 599 2387 adversum
612 2349 645 2387 os
657 2330 687 2387 in
701 2326 810 2386 bostem
824 2330 929 2389 inten-

247 2408 290 2467 dit
299 2432 309 2479 3
325 2429 417 2492 neque
437 2410 567 2488 prolium
586 2411 703 2481 omisit,
716 2408 817 2469 'donec
834 2410 930 2469 deser-

247 2508 291 2556 tus
311 2494 365 2551 suis
385 2488 503 2553 caderet.
783 2562 786 2566 ,

287 2572 369 2633 ΧΧΙ.
390 2573 463 2653 Quae
483 2572 632 2655 postquam
644 2572 678 2631 L.
692 2570 822 2652 Apronio
835 2576 929 2643 (nam

247 2654 376 2718 Camillo
387 2663 575 2729 successerat)
590 2673 752 2733 comperta3
771 2656 866 2736 magis
878 2654 932 2713 de·

247 2734 691 2819 &coieruommqu‘amglorib
703 2732 790 2798 hostis
803 2736 934 2809 mnus,-
