2075 3659
239 308 312 397 '308
374 300 412 373 C.
440 302 589 372 cortu.
621 301 823 371 YAcarr

284 422 389 485 XXX
400 421 447 482 11.
470 421 608 501 Cupitum
623 420 653 484 id
669 420 790 481 Tiberio
811 442 818 478 t
836 436 925 483 ornat

243 503 405 573 Phraaten,
427 504 604 585 accingitque
628 522 775 582 paternum
801 502 838 561 ad
860 502 924 563 fas-

238 588 268 646 -tl
291 589 348 646 'um
374 600 381 641 t
413 582 549 643 destinata
577 584 717 655 retinens,
743 583 870 644 consiliis
898 592 926 644 δι

245 608 307 728 sihi
327 687 369 725 res
386 679 512 725 externas
529 665 644 735 moliri,
661 686 739 723 arma
758 664 858 744 procul
877 662 928 725 ha-

247 748 322 809 bere.
340 748 467 817 Interea,
483 747 604 828 cognitis
620 746 748 814 insidiis,
761 745 929 806 Artabanus

246 829 353 890 tardari
376 844 481 897 metu,
508 823 598 885 modh
627 823 759 906 cupidine
790 826 928 887 vindici:

247 909 418 969 inardescere
440 932 447 965 :-
472 916 500 968 dt
518 906 643 966 barbaris
667 908 831 977 cunetatio,
863 926 926 967 ser-

247 992 312 1050 vilis
325 1014 332 1047 ι
345 985 438 1048 mum
455 989 567 1069 exsequi
579 1033 588 1059 ,
600 989 711 1069 regium
721 987 841 1048 videtur.
857 988 927 1050 Va-

248 1071 303 1130 luit
311 1083 406 1129 tamen
417 1069 539 1138 utilitas,
550 1086 582 1128 ut
590 1068 707 1130 Abdum
718 1114 730 1139 ,
741 1070 831 1149 specie
843 1072 926 1130 ami-

247 1152 321 1211 citiae
347 1167 479 1211 vocatum
504 1149 542 1208 ad
568 1151 684 1229 epulas,
711 1151 788 1209 lento
814 1171 931 1213 veneno

248 1232 399 1315 inligaret}
420 1230 562 1290 Sinnacen
580 1230 802 1291 dissimulatione
821 1253 857 1291 ac
877 1235 932 1293 do-

250 1315 314 1385 nis,
339 1305 422 1373 simul
449 1326 497 1391 per
526 1313 661 1394 negotia,
694 1324 858 1373 moraretur.
891 1314 930 1373 Et

246 1392 384 1455 Phraates
413 1393 486 1473 apud
522 1394 661 1473 Syriam,
688 1392 785 1474 dum,
818 1398 930 1455 omisso

251 1477 329 1535 cultu
346 1476 502 1545 Romano,
523 1476 568 1533 cui
592 1488 641 1553 per
660 1484 704 1534 tot
723 1496 812 1535 annos
834 1477 930 1536 insue-

250 1575 347 1627 verat,
364 1554 486 1615 inssituta
500 1552 668 1615 Parthorum
681 1558 818 1627 insumit,
831 1560 931 1636 patriis

251 1637 379 1696 moribus
407 1638 518 1715 impar,
540 1636 655 1698 ¹morbo
686 1638 850 1717 absumptus
880 1637 929 1701 est.

250 1717 308 1779 Sed
335 1734 393 1776 non
418 1716 550 1777 Tiberius
575 1720 671 1777 omisit
699 1721 819 1798 incepta.
848 1718 931 1779 Tiri-

252 1796 356 1870 daten,
375 1798 518 1879 sanguinis
542 1799 689 1877 ejusdem,
710 1801 843 1860 aemulum
867 1802 928 1861 Ar-
1033 1815 1034 1836 ¹

251 1872 648 1961 taban031eciperandaeque
679 1880 822 1941 Armeniae
855 1882 929 1942 Ibe·
1033 1916 1034 1949 2

246 1980 315 2021 frum
325 1957 512 2020 Mithridaten
527 1960 645 2045 deligit,
662 1963 850 2044 conciliatque
864 1963 928 2024 fra-

252 2044 290 2103 tsi
305 2039 505 2113 Pharasmani,
524 2044 574 2123 qui
586 2042 690 2126 gentile
707 2045 859 2185 imperium
877 2047 930 2105 ob-

246 2124 362 2184 tinebat
383 2146 391 2182 a
410 2132 437 2185 at
456 2124 583 2195 cunctis,
603 2145 665 2205 quar
686 2146 741 2205 apu
778 2126 931 2188 Orientem

252 2204 442 2342 parabantur,
460 2204 494 2264 L.
510 2202 660 2265 Vitellium
678 2204 808 2287 praefecit.
827 2208 874 2267 Eo
894 2209 929 2268 de

237 2321 240 2328 ι
275 2286 371 2343 omine
397 2282 473 2345 haud
493 2299 556 2345 sum
579 2288 711 2369 ignarus,
733 2287 872 2349 sinistram
899 2293 930 2351 in

252 2363 322 2423 urbe
341 2364 473 2435 famam,
495 2366 626 2448 pleraque
647 2366 723 2427 foeda
744 2372 898 2431 memorari
920 2394 928 2430 :

250 2443 374 2505 cetenirn
398 2446 528 2529 regendis
548 2450 697 2527 provinciis
717 2451 805 2527 prisca
827 2453 931 2511 virtute

252 2529 313 2612 egit
328 2550 336 2585 t
351 2526 425 2587 unde
436 2544 590 2613 regressus,
602 2538 630 2589 &
640 2529 792 2589 formidine
803 2532 842 2593 C.
855 2533 929 2593 Cae-

253 2611 338 2680 saris,
361 2608 552 2669 familiaritate
570 2610 703 2683 Claudii,
725 2630 803 2691 turpe
824 2614 854 2671 in
874 2634 930 2673 ser·

164 2758 168 2763 ,
251 2691 355 2749 vitium
382 2708 524 2761 mutante,
544 2692 684 2770 exemplar
709 2693 783 2774 apud
806 2692 932 2773 posteros

253 2770 403 2835 adulatorii
420 2770 564 2835 dedecoris
579 2767 697 2839 habetur
715 2792 932 2857 :cesseruntque
