2075 3659
200 287 236 360 Α
244 305 456 361 nnAcrun
480 294 564 362 Lm.
593 293 657 364 VI.
710 319 779 384 297

90 417 133 474 δι
156 412 186 470 in
205 432 355 471 moerorem
374 417 507 494 cujusque
527 415 643 485 intenti,
664 435 782 495 corpora

89 492 258 573 putrefasta
272 493 501 564 adseciabantur,
522 494 590 554 dum
607 496 637 554 in
651 495 782 558 Tiberim

91 571 277 633 traherentur
299 597 306 631 τ
326 575 377 634 ubi
399 576 559 647 fluitantia,
580 596 628 636 aut
646 578 713 657 ripis
733 577 782 637 ad-

91 655 203 735 pulsa,
219 674 279 714 non
296 675 418 719 cremare
438 659 610 738 quisquam,
631 679 690 716 non
709 679 780 718 con·

93 737 212 818 tingere
232 759 239 793 :
259 735 435 796 interciderat
453 739 534 797 sortis
554 733 684 798 humana
704 760 782 798 com-

95 819 242 881 mercium
266 819 297 876 vi
316 838 406 877 merus
429 841 436 874 ε
458 837 652 900 quantumque
673 821 780 882 sevitia

98 898 250 980 glisceret,
273 899 416 958 miseratio
432 900 585 960 arcebatur.
697 941 700 950 Δ

145 978 212 1038 ΧΧ.
232 978 291 1038 Sub
306 980 384 1038 idem
402 999 512 1061 tempus
532 981 569 1042 C.
589 979 686 1042 Caesar
694 1023 705 1052 ‚
721 981 779 1042 dis-

25 1131 37 1142 ·
99 1057 218 1118 cedenti
236 1059 361 1138 Capreas
382 1080 437 1121 avo
458 1083 574 1130 comes,
597 1060 751 1123 Claudiam
763 1107 777 1134 ,

98 1140 149 1202 Μ.
169 1141 259 1202 Silani
279 1139 389 1214 filiam,
407 1147 542 1226 conjugio
565 1145 694 1242 accepit3
716 1146 777 1204 im-

99 1242 220 1280 manem
230 1224 358 1282 animum
372 1222 491 1284 subdola
507 1221 642 1284 modestia
660 1243 777 1308 tegens,

96 1321 163 1362 non
185 1302 365 1364 damnatione
382 1307 496 1375 matris,
517 1326 580 1378 non
599 1305 696 1364 exsilio
716 1305 777 1366 fra-

97 1401 179 1442 trum
198 1382 278 1464 rnptd
294 1405 385 1455 voce3
410 1386 523 1466 qualem
549 1384 625 1444 diem
647 1383 779 1448 Tiberius

90 1463 258 1534 induisset,
276 1469 336 1545 pari
354 1464 474 1535 habitu,
492 1463 568 1526 haud
585 1465 780 1528 multumdis·

97 1546 228 1608 rantibus
240 1547 339 1606 verbis
358 1545 445 1609 Unde
461 1568 530 1606 mox
540 1549 641 1607 scitum
654 1547 779 1608 Passieni

98 1630 221 1688 oratoris
243 1627 349 1688 diesim
370 1628 545 1709 percrebuit:
569 1629 664 1704 Neque
681 1631 779 1688 melio·

99 1730 160 1767 rem
176 1731 293 1787 unquam
309 1732 440 1782 servum,
453 1733 535 1788 neque
553 1709 711 1770 deteriorem
727 1713 778 1769 do-

97 1790 206 1862 minum
217 1791 319 1868 fieissc.
340 1792 410 1852 Non
426 1793 590 1863 omiserim,
613 1792 780 1873 praesagium

99 1867 234 1943 Tiberii,
260 1869 295 1930 de
321 1871 379 1932 Ser.
406 1873 524 1942 Galba,
549 1894 612 1934 tum
641 1873 753 1932 consule
765 1896 778 1946 3

100 1970 190 2032 quem
220 1954 366 2023 accitum,
399 1963 427 2013 &
458 1953 572 2012 diversis
603 1954 779 2026 sermonibus

163 2052 311 2102 entatum,
337 2030 478 2112 postremi>
506 2032 611 2092 Graecis
632 2031 724 2091 verbis
748 2036 780 2095 in
837 2037 839 2042 '

100 2053 177 2174 Εἷς
188 2115 355 2178 sententiam
369 2112 530 2182 adlocutus3
548 2114 588 2172 Er
601 2131 647 2182 tu,
669 2113 779 2186 Galba,

99 2197 257 2272 quandoque
280 2193 427 2272 degustabis
446 2194 610 2267 imperium,
634 2213 779 2256 sesamae

99 2275 218 2336 brevem
252 2276 408 2354 potentiam
440 2272 627 2358 significans,
662 2273 779 2336 scientid

100 2353 306 2434 Chaldaeorum
317 2357 400 2426 artis,
411 2361 489 2436 cujus
503 2355 673 2437 apiscendae,
685 2359 778 2418 otium

100 2437 179 2518 apud
208 2432 372 2508 Rhodum,
400 2435 564 2576 magistrum
595 2436 778 2518 Thrasyllum

101 2515 225 2587 habuit,
239 2520 368 2598 peritiam
380 2524 439 2597 ejus
473 2541 508 2576 oc
522 2519 610 2578 modo
622 2538 755 2597 expertus.

87 2648 111 2654 ..
143 2599 225 2658 XXI.
248 2599 389 2676 Quotiens
416 2619 496 2678 super
519 2601 637 2681 negotio
660 2599 780 2658 consul·

103 2699 197 2749 taret,
216 2677 293 2739 editd
308 2677 410 2740 domtis
426 2699 522 2760 parte,
542 2701 575 2739 ac
591 2679 685 2739 liberti
698 2681 779 2753 unius

41 2789 43 2791 ·
102 2759 275 2824 conscientia
286 2761 414 2823 utebatur
425 2785 432 2818 x
445 2761 632 2904 islitterampp
643 2762 780 2844 ignarus,

651 2863 671 2903 v
