2075 3659
241 301 304 382 '358
393 305 449 364 Iu
482 305 680 365 Ltruorr
712 303 768 364 ΙΙ.

245 415 300 464 nius
318 413 392 479 Epill.
405 430 436 475 4,
451 414 496 464 26.
506 411 595 461 Omnes
604 413 666 460 enirn
676 413 780 461 advertit
794 413 860 478 quod
869 413 930 462 emi.

243 504 284 538 rtet
304 485 328 534 6·
342 487 424 547 exstat.

284 577 308 611 2.
330 558 454 609 Romanas
470 575 535 608 ares.
547 557 619 626 Signa
638 559 702 609 enim
718 559 743 608 in
758 558 881 609 Romanis
893 562 929 610 le·

244 633 359 702 gionibus
372 633 492 699 ptaecipus
504 670 512 695 ‚
525 634 612 699 equilae
628 633 724 682 summis
739 632 811 681 hellis
832 631 932 682 exstan-

245 720 306 769 tes,
327 707 372 757 alis
390 706 523 772 expansis,
538 707 603 772 pede
621 706 714 756 fulmen
728 717 857 756 tenentes.
875 705 929 756 Has

179 779 183 786 '
245 791 273 831 ut
289 782 386 832 numina
412 781 544 839 venerati,
568 781 632 846 apud
659 796 701 831 eas
726 778 809 846 jurare
834 781 929 832 milites

206 883 209 886 ·
246 854 371 905 solebant.
429 863 434 870 '

283 943 309 994 3.
339 928 389 976 lllel
414 939 530 995 rupturus.
558 925 627 994 Lege
657 926 703 976 illi
727 941 872 992 erupturus,
897 937 929 977 ut

243 1001 349 1052 Muteto
368 1002 469 1066 placuit.

280 1090 307 1137 4.
320 1072 424 1124 Prorutae
434 1073 534 1126 arbores.
546 1071 673 1140 Postquam
684 1087 725 1123 eas
736 1072 843 1123 Romani
855 1073 929 1125 secu·

243 1147 312 1198 tibus
332 1147 483 1197 exciderant.

280 1221 382 1273 xvllr.
405 1237 428 1270 ι.
447 1218 542 1292 Quinta
559 1219 590 1268 alr
611 1221 678 1270 lore.
694 1222 805 1272 Veteres
818 1221 886 1270 diem
896 1223 931 1272 ab'

243 1306 304 1346 ottu
328 1295 388 1345 solis
406 1295 438 1344 ad
455 1295 568 1345 occasum
583 1294 608 1343 in
624 1294 754 1344 duodecim
772 1295 848 1344 horas
865 1297 928 1346 divi·

243 1370 354 1431 debant,
369 1369 497 1437 longiores
515 1367 615 1428 testate,
638 1369 721 1418 hieme
740 1371 883 1419 breviores.

283 1459 308 1493 2.
329 1443 493 1510 Imperatorem
509 1441 736 1507 Jitbrtarit.·Tunc
756 1443 821 1491 enirn
848 1445 928 1494 duces

243 1518 399 1568 exercituum
412 1518 517 1567 totidem
527 1516 601 1583 legati
614 1526 685 1565 erant
696 1516 866 1582 imperatoris,
879 1533 927 1568 eu-

212 1617 214 1622 ·
243 1589 283 1656 jus
305 1591 416 1657 auspiciis
438 1606 490 1639 rem
508 1592 653 1657 gerebant:
674 1589 715 1638 ubi
735 1591 851 1656 princeps
876 1607 929 1641 non

226 1687 231 1700 ·
244 1663 345 1726 aderat,
360 1667 424 1730 apud
435 1665 564 1731 imaginem
574 1663 734 1714 salutabatur.
746 1663 839 1714 Plinius
847 1681 928 1730 pane·

245 1739 332 1804 gytico
347 1742 387 1802 56.
403 1737 461 1786 Non
475 1752 499 1785 re
514 1739 579 1803 apud
589 1739 714 1804 imagines,
723 1739 767 1801 sed
776 1737 854 1804 ipsum
868 1757 928 1806 prae·

236 1811 329 1875 sentem
342 1812 517 1878 audientemque
532 1808 716 1872 consalutatient
730 1811 904 1878 imperatorem.

281 1883 339 1935 XX.
359 1899 383 1935 1.
397 1883 653 1950 Murumfirccederenr.
665 1885 867 1945 Adscender'ent,
882 1886 925 1937 lu·

243 1958 336 2010 birent.
354 1959 472 2010 Muretus
490 1959 592 2026 legebat
608 1957 672 2007 mrim
685 1956 835 2025 succederent
853 1978 862 2010 ε
883 1961 924 2010 led

243 2033 310 2081 aliud
325 2031 360 2081 est
372 2031 491 2099 succedere
509 2049 588 2096 muro,
607 2034 672 2082 aliud
685 2031 925 2098 ficccrderemumrm.

243 2103 315 2155 Prius
333 2106 363 2156 ad
381 2123 475 2159 murum
488 2107 590 2170 venire,
608 2105 728 2172 posterius
745 2123 840 2158 murum
855 2108 927 2158 lean-

243 2180 324 2240 dere,
346 2180 436 2231 subite.
454 2179 579 2248 Ryckius.

283 2269 309 2304 2.
321 2252 463 2303 libratorem
478 2255 529 2319 Qui
541 2254 671 2304 tormentis
685 2254 763 2306 hallas
774 2265 818 2304 aut
828 2255 925 2321 lapides

180 2372 183 2376 .
244 2328 391 2387 excutiunt,
402 2329 468 2394 quod
480 2328 567 2378 vinclis
578 2329 719 2395 quibusdam
732 2331 757 2378 δι
771 2330 925 2379 libramentis

245 2398 408 2451 efficiebatur.
426 2401 454 2449 ln
470 2401 559 2451 codice
575 2403 648 2452 unico
664 2402 780 2452 scribitur
789 2402 923 2462 libritores,

245 2487 275 2524 ut
294 2473 389 2537 librile,
406 2474 496 2524 librilln
507 2513 517 2538 ,
533 2476 644 2543 libripens
651 2496 661 2540 ,·
673 2477 747 2544 idque
758 2479 858 2546 recepit
870 2475 924 2529 Jec.

244 2547 400 2600 Gronovius.

244 2695 262 2745 h
282 2622 358 2672 XXI.
381 2639 405 2675 ι.
421 2622 565 2694 colligerer,
585 2616 604 2676 i.
626 2637 651 2678 e.
672 2625 828 2690 reduceret,
845 2635 926 2676 retra·

265 2707 328 2745 eret.

282 2769 366 2825 xxll.
391 2785 415 2825 t.
430 2770 602 2837 Conscientiam
621 2770 695 2837 sudis
718 2770 784 2838 satis
811 2771 863 2840 effe.
885 2773 922 2824 lte

994 1205 1010 1232 R
