2075 3659
238 305 306 389 196
359 296 395 365 C.
426 296 576 367 Corn.
608 295 797 368 TAcrrr

233 419 309 500 praef
309 439 382 489 itus
405 419 475 493 aqud
493 434 572 493 atque
591 417 653 495 igni
674 416 778 477 Silano
798 417 927 479 interdi-

233 504 342 563 cendum
360 499 482 567 censuit,
500 499 638 574 ipsumque
652 499 683 555 in
697 500 822 557 insulam
841 500 923 578 Gya-

234 603 293 651 rem
312 580 490 661 relegandum.
510 578 621 638 Eadem
637 581 741 648 ceteri,
761 582 820 641 nisi
840 580 928 661 quiid

234 662 292 722 Cu.
320 660 455 721 Lentulus
484 662 638 735 separanda
663 659 713 719 Sil
700 662 761 719 lani
791 681 928 721 materna

233 742 304 803 bona
320 742 339 817 (
357 742 451 819 quippe
467 741 527 799 alia
540 760 652 816 parente
665 742 754 818 genita
750 742 789 818 )
808 746 928 805 redden-

233 826 318 901 daque
321 824 386 904 fito
396 822 485 891 dixit,
496 820 636 883 adnuente
644 821 773 881 Tiberio.
784 824 826 882 At
843 824 930 884 Cor-

234 906 324 967 uelius
346 902 522 972 Dolabella,
539 903 608 963 dum
631 903 825 963 adulationem
848 906 927 965 lon-

257 984 298 1046 ids
322 1006 350 1043 se
372 1006 465 1055 uitur,
489 986 632 1065 increpitis
659 984 697 1045 C.
717 984 809 1047 Silani
825 990 931 1045 mori-

235 1008 308 1140 ξας,
334 987 466 1135 addidit,
486 1088 519 1124 ne
540 1067 602 1143 quis
622 1066 685 1126 uita
674 1065 873 1139 probrosus,
898 1066 928 1128 fs

235 1166 342 1223 opertus
357 1147 492 1225 infizmid,
505 1147 681 1221 prouinciam
695 1165 863 1220 sortiretur,
885 1150 930 1209 id-

236 1251 285 1309 que
299 1230 425 1305 princeps
443 1228 632 1307 dijudicaret:
647 1250 713 1287 nam
725 1251 744 1287 α
755 1228 864 1305 legibus
879 1234 930 1290 de-

237 1312 304 1387 Ucia
313 1310 438 1387 puniri:
462 1315 561 1387 quinto
552 1310 639 1388 fore
658 1308 755 1369 mitius
771 1311 803 1369 in
821 1309 931 1384 ipsos,

237 1392 368 1457 melius
356 1414 386 1457 tn
407 1391 517 1461 socios,
532 1391 675 1468 prouideri
691 1414 725 1449 ne
737 1399 931 1465 peccaretur?

279 1471 387 1533 LXIX.
402 1470 559 1533 Adversum
576 1493 637 1553 quae
656 1471 783 1531 disseruit
796 1471 930 1535 Cesar.

239 1577 294 1617 non
310 1556 416 1633 quidem
429 1552 510 1613 sibi
499 1576 597 1633 ignara
604 1598 616 1624 ,
631 1574 687 1629 qua
699 1556 732 1612 de
744 1552 845 1613 Silano
861 1559 930 1617 vul

214 1708 217 1713 ,
238 1636 399 1717 gradentur:
413 1638 463 1695 sed
477 1658 532 1695 non
550 1658 584 1695 ex
602 1656 706 1694 rumore
716 1636 929 1735 [ΙιιιιιιιιᾰιιιινΑ

241 1716 369 1791 multos
356 1739 387 1774 tn
392 1717 553 1855 pruvineiz's
568 1734 679 1792 eontra,
698 1712 780 1793 quiem
792 1740 855 1811 spes
874 1738 930 1779 aut

241 1816 328 1857 metus
340 1796 424 1855 dell
388 1819 397 1853 1
423 1797 448 1855 is
460 1798 567 1875 fuerit,
582 1798 694 1876 egisse.-
706 1797 823 1857 excitari
839 1820 928 1875 quos

242 1882 307 1941 dam
324 1880 361 1946 ad
370 1878 484 1943 meliora
498 1879 698 1973 magnitudine
701 1900 810 1952 rerum,
806 1902 812 1915 ·
829 1879 929 1941 debes·

243 1983 331 2022 cerea
315 1962 410 2027 alios:
422 1982 503 2037 neque
514 1984 597 2035 posse
605 1962 757 2035 principem
767 1963 820 2019 sud
831 1962 929 2023 seien-

245 2044 288 2119 'tici
309 2047 402 2102 cundia
423 2042 593 2117 complerii:
621 2064 702 2123 neque
725 2044 870 2116 expedire,
893 2064 929 2103 ιιι

245 2122 447 2188 ambitionel
416 2123 514 2187 αἱιιιᾶ
530 2118 687 2183 trahatur.-
710 2124 772 2181 ideo
797 2125 930 2202 lepesin

238 2206 317 2283 faula
333 2204 474 2285 constitui,
490 2226 555 2282 quea
559 2205 701 2281 futuram
714 2205 818 2263 incerto
834 2205 928 2270 sint:

245 2286 288 2353 sie
311 2308 328 2341 a
345 2284 492 2364 majoribus
508 2286 676 2369 institutum,
695 2304 725 2344 ut
736 2286 767 2344 si
785 2287 931 2346 antissent

248 2366 294 2425 del
293 2365 346 2423 ina
354 2412 366 2435 ,
375 2387 460 2439 poenu
471 2385 661 2443 sequerentur:
677 2390 711 2425 ne
725 2385 861 2428 uerterent
870 2392 928 2427 saa

243 2446 355 2527 pienter
374 2465 497 2539 reperta
523 2445 549 2517 ἃ
567 2470 673 2523 semper
685 2471 706 2523 p
707 2448 829 2507 lucitas
847 2452 930 2511 satis

249 2549 358 2622 onerum
360 2494 563 2623 principibus,
580 2531 652 2589 sutis
670 2530 754 2587 etiarn
766 2531 927 2603 potentia:

250 2609 340 2671 minui
348 2606 433 2689 jura,
452 2612 574 2688 quotiens
591 2612 693 2689 gliscat
704 2612 854 2691 potelius.-
872 2634 929 2682 nee

250 2692 412 2749 utendum
400 2693 536 2785 imperio,
558 2691 604 2749 ubi
593 2690 728 2771 elegibus
746 2692 795 2771 agi
816 2693 928 2767 possit

252 2770 371 2849 Quanti
384 2775 470 2835 rarior
483 2771 558 2855 apud
568 2772 717 2836 Tiberium
729 2774 927 2857 popularitas,t
