2075 3659
216 334 466 405 Annrrrnn
490 336 576 403 Itu.
601 336 671 406 IV.
727 360 791 429 235

100 453 219 493 -eorum
237 432 356 492 inridere
374 431 464 503 liber,
480 434 543 513 *qui*
555 433 681 513 praesenti
695 451 799 513 poren-

105 514 159 575 tii
180 514 294 575 credunt
312 514 440 597 extingui
457 534 537 594 posse
553 516 641 573 etiarn
657 519 799 595 sequentis

103 598 169 656 aevi
200 597 377 655 memoriam.
414 595 493 655 Nam
528 616 654 665 contra,
692 599 799 676 punitis

101 678 262 759 ingeniis,
284 678 380 760 gliscit
404 677 556 737 austoriras
576 701 585 734 r
607 698 697 757 neque
720 679 799 737 aliud

95 760 226 817 -externi
245 778 342 841 reges,
368 778 419 818 aur
461 760 490 817 ui
510 756 610 817 eidem
628 757 733 818 saevitii
755 762 799 819 usi

95 859 205 909 -sunt,
224 841 279 899 nisi
291 839 412 900 dedecus
425 780 499 911 elli,
513 860 598 921 atque
609 840 665 901 illis
676 841 799 922 gloriam

109 941 256 1003 peperere.

158 1001 301 1062 XXXVI.
323 1000 459 1064 Ceterdm
477 1000 651 1083 postulandis
664 1004 718 1062 reis
736 1020 798 1064 tam

106 1085 268 1143 continuus
284 1104 373 1143 annus
386 1082 457 1155 fuit,
476 1103 507 1144 ur
525 1083 657 1143 feriarum
671 1084 794 1147 Latina-

105 1185 180 1225 rum
210 1164 328 1237 diebus,
356 1164 515 1245 praefedium
543 1166 620 1225 urbis
646 1164 794 1236 Drusum,

107 1246 282 1327 auspicandi
292 1244 382 1340 gratiis
395 1246 518 1306 tribuual
530 1249 704 1329 ingressum,
717 1247 798 1307 adie-

106 1329 152 1387 rit
170 1328 342 1409 Calpurnius
359 1328 507 1389 Salvianus
518 1327 549 1385 in
564 1328 627 1388 Sex.
645 1327 796 1387 Mariums

107 1409 197 1490 quod
225 1432 242 1469 a
267 1410 377 1471 Caesare
403 1408 498 1487 palam
526 1409 693 1488 increpitum
713 1430 797 1471 causa

106 1492 209 1549 exsilii
224 1492 357 1551 Salviano
376 1488 586 1567 fuitJlObjedla
597 1489 708 1568 publici
728 1490 796 1571 Cy-

106 1574 224 1632 zicenis
239 1574 346 1631 incuria
358 1572 574 1631 cerimoniarum
584 1571 649 1631 diui
660 1569 795 1652 Augusti,

40 1654 45 1660 “
107 1653 222 1713 additis
240 1653 380 1715 uiolentia
390 1650 551 1711 criminibus
564 1656 708 1713 aduersum
719 1654 798 1713 cirus

98 1734 259 1794 *Romanos
279 1760 289 1794 .·
308 1736 339 1794 ‘&
361 1734 477 1793 amisere
501 1732 686 1804 libertatern,
709 1731 797 1815 quim

108 1817 196 1875 bello
220 1813 399 1876 Mithridatis
428 1834 585 1875 meruerant
611 1817 794 1889 cicumsessi,

100 1920 167 1958 ⁴nec
186 1896 280 1958 mimis
300 1894 349 1957 sui
367 1894 545 1965 constantii,
563 1894 650 1976 quint
668 1896 796 1975 praesidio
831 1957 834 1962 ,

108 1980 250 2048 Luculli,
267 1980 346 2058 pulso
363 1999 437 2061 rege.
455 1978 496 2037 At
514 1976 648 2035 Fonteius
666 1976 795 2055 Capito,

102 2064 166 2143 ⁴¹qui
188 2060 339 2141 proconsul
362 2060 462 2119 Asiam
485 2077 649 2126 curaverat,
671 2057 798 2118 absolui-

100 2162 181 2213 ,tur,
205 2161 351 2220 comperto
372 2138 437 2199 fieta
462 2140 492 2197 in
510 2157 576 2197 eum
594 2139 729 2209 crimina,
749 2157 798 2219 per
825 2210 829 2217 ²

101 2224 241 2283 Vibium
256 2223 390 2282 Serenum
406 2244 413 2278 r
431 2240 521 2301 neque
536 2240 632 2280 tamen
646 2220 676 2279 id
691 2220 796 2281 Sereno

108 2326 198 2366 noxae
224 2304 300 2374 fuit,
332 2324 417 2385 quem
445 2302 544 2361 odium
571 2301 715 2382 publicum
744 2324 794 2363 tu·

110 2390 222 2447 tiorem
242 2384 366 2446 faciebat
391 2408 397 2443 ε
421 2406 488 2444 nam
509 2404 541 2443 ut
562 2386 624 2465 quis
647 2383 797 2443 distridiior

109 2488 285 2537 accusator,
303 2468 381 2528 velut
397 2469 587 2527 sacrosandius
606 2487 665 2528 etat
681 2466 795 2535 :leves,

100 2549 277 2633 ignobiles,
303 2549 391 2627 poenis
411 2546 624 2607 adliciebantur.

156 2630 315 2689 XXXVII.
341 2630 393 2689 Per
415 2628 492 2687 idem
519 2647 628 2708 tempus
655 2627 795 2707 Hispania

112 2712 255 2783 ultetIor,
278 2713 368 2771 missis
385 2710 421 2769 ad
442 2730 570 2769 senatum
592 2710 712 2786 leuatis,
730 2726 797 2769 ora-

114 2796 178 2866 vit,
192 2812 222 2853 ut
231 2794 352 2871 exemplo
363 2790 443 2853 Asiae
455 2792 591 2853 delubrum
608 2774 718 2851 Tiberio
729 2812 795 2850 mu-
