2075 3659
139 256 408 333 Auuuzruu
432 262 518 333 Lis.
544 262 614 333 IV.
671 286 746 353 ²32

47 386 152 445 domurn
183 388 334 445 Casurum
355 386 386 443 di
406 386 530 444 rexisset
552 408 563 442 :
582 384 626 443 sic
644 407 744 462 quoque

49 466 680 543 ermpereaemulationemftmiMM,edque
687 468 745 525 dis·

51 548 140 606 sordid
160 566 280 622 nepotes
301 570 369 607 suos
388 548 508 609 convelli
525 572 536 606 .·
552 549 636 624 quid,
650 548 679 607 si
697 549 745 607 in·

51 632 176 689 tendatur
195 648 343 689 certamen
369 630 423 688 tali
448 628 598 709 conjugio?
623 627 746 689 Falleris

53 710 144 780 enim,
167 710 301 791 Sejane,
322 711 352 770 si
375 728 400 769 te
425 731 581 769 mansurum
602 711 632 768 in
653 714 745 769 eodem

55 793 144 850 ordine
159 810 249 867 putas
261 838 274 862 ,
297 788 477 860 &Liviam
492 812 549 867 qua
570 794 599 851 C.
624 792 744 864 Casari,

55 893 115 929 mox
125 872 226 933 Druso
249 892 342 948 nupta
346 872 454 950 fuerit,
466 894 498 931 ea
508 890 596 931 mente
605 878 723 931 atteram
732 920 746 944 ,

57 970 85 1009 ut
98 976 155 1011 curn
171 956 267 1033 equite
283 954 416 1012 Romano.
431 971 564 1013 senescat.
583 953 646 1032 Ego
663 972 693 1011 ut
705 956 746 1013 siv

58 1055 136 1104 nam,
155 1038 288 1096 credisne
301 1058 454 1111 passuros,
471 1035 518 1111 qui
529 1036 649 1112 fratrem
664 1036 743 1115 ejus,

59 1116 100 1189 qui
114 1135 223 1189 patrem
234 1164 246 1188 ,
265 1119 435 1198 majoresque
452 1118 572 1197 nostros,
586 1117 617 1174 in
627 1117 744 1177 summis

62 1194 182 1268 imperiis
200 1200 329 1259 uidere?
353 1199 408 1259 Vis
418 1216 448 1255 tu
459 1199 566 1274 quidem
574 1197 652 1278 istum
668 1198 745 1257 intra

61 1275 141 1337 locum
150 1280 250 1361 sistere
264 1306 274 1339 :
292 1283 344 1339 sed
354 1281 402 1337 illi
413 1280 584 1357 magistratus
598 1276 624 1339 ἃ
636 1280 744 1352 primo*

63 1376 120 1427 res,
138 1362 203 1436 qui,
220 1380 248 1421 te
263 1362 380 1430 invito,
388 1378 586 1435 perrumpunt,
604 1360 744 1417 omnibus

64 1458 108 1511 que
121 1443 151 1498 de
170 1442 252 1501 rebus
268 1443 435 1510 consultant,
453 1441 602 1499 excessisse
608 1442 674 1520 jam
685 1442 746 1515 pri-

64 1520 119 1576 dem
137 1524 426 1605 equestrefastigium,
440 1522 569 1599 longe'quc
581 1523 687 1587 antisse
693 1544 745 1596 pa·

66 1600 115 1657 tris
131 1604 186 1661 mei
203 1605 369 1674 amicitias,
389 1625 442 1661 non
459 1603 560 1660 occulti
561 1604 676 1680 ferunt,
686 1626 747 1677 pcr-

66 1700 110 1755 que
130 1684 277 1745 invidiam
294 1687 353 1755 tui,
374 1707 415 1742 me
428 1706 529 1761 quoque
546 1685 683 1743 incusant.
702 1686 747 1745 At

68 1762 136 1820 enirn
151 1766 295 1848 Augustus
309 1768 404 1845 filiam
419 1788 498 1824 suam
516 1767 603 1843 equiti
621 1765 747 1827 Romano

69 1846 167 1904 tradere
187 1850 340 1907 meditatus
358 1849 400 1929 ιβ.
425 1847 536 1905 Mirum
554 1848 678 1918 hercule,
695 1851 747 1920 si,

71 1942 144 1996 quum
158 1928 188 1985 in
202 1931 298 1987 omnis
315 1951 393 1999 curas
411 1928 618 2008 distraheretur,
636 1930 747 1989 immert-

72 2023 175 2082 sumque
184 2010 283 2068 attolli
290 2010 447 2083 provideret
456 2030 549 2084 ,quem
562 2011 747 2087 conjunllione

72 2086 123 2141 toli
137 2111 221 2163 super
238 2091 312 2148 alios
327 2090 488 2158 extulisset,
511 2092 539 2147 C.
556 2089 748 2163 Proculeium,

77 2159 101 2221 fii
120 2174 251 2243 quosdam
272 2172 301 2227 in
321 2169 489 2227 sermonibus
507 2168 623 2242 habuit,
641 2172 750 2251 insigni

76 2251 379 2325 tranquillitatem,
399 2250 485 2308 nullis
508 2251 608 2326 reipub.
628 2256 748 2332 negotiis

72 2332 233 2397 permixtos.
249 2331 306 2391 Sed
311 2332 340 2389 si
348 2331 515 2403 dubitatione
527 2332 643 2415 Augusti
651 2358 748 2397 mooe·

78 2426 135 2465 mur
142 2433 155 2483 ;
164 2414 267 2489 quanto
275 2414 398 2474 ualidius
406 2416 451 2494 ιβ,
460 2415 533 2491 qaod
540 2416 588 2473 M.
601 2415 748 2494 Agrippa,

78 2509 138 2547 mon
167 2494 241 2551 milri
260 2495 442 2553 conlocavit?
474 2495 566 2572 Atque
596 2518 643 2573 ego
667 2498 720 2556 hac
734 2544 749 2568 ,

77 2588 124 2640 pro
139 2576 286 2646 amicitia,
303 2598 356 2633 non
372 2576 530 2636 occultavi:
543 2577 657 2635 ceterim
668 2588 752 2653 neque

81 2652 156 2723 tuis,
187 2680 268 2733 neque
290 2656 381 2716 Lr'uia
408 2657 548 2737 destinatis
573 2656 746 2716 adversabor.

82 2729 138 2803 lpse
149 2737 216 2813 quid
223 2738 298 2798 intra
310 2739 432 2798 animum
442 2738 642 2809 volutaverirn,
654 2737 750 2817 quibus
