2075 3659
207 279 456 357 Arainon
480 287 565 355 Lm.
589 286 658 355 m.
714 310 776 380 195

92 405 216 471 Gellius
238 404 405 485 Poplicola,
423 414 451 466 ὃ(
473 404 518 466 M.
541 406 705 467 Paconitts:
733 409 785 467 ille

94 486 224 571 quaestor
246 486 354 557 Silani,
377 484 424 545 hic
445 487 564 571 legatus.
580 487 643 548 Nec
666 488 786 551 dubium

95 568 285 641 habebatur,
304 569 414 629 saevitiae
435 588 635 651 captarumque
655 573 787 651 pecunia-

95 671 168 712 rum
188 650 276 711 tencri
290 669 369 709 reum
385 674 392 707 :
409 649 456 711 sed
472 650 563 711 multa
581 651 788 736 adgerebantur

97 736 194 794 etiarn
215 732 373 791 insontibus
388 732 560 812 periculosa,
580 754 690 815 quum,
707 754 788 815 supet

100 836 151 876 tot
174 832 313 874 senatores
334 812 483 887 adversos,
508 812 716 875 facundissimis
735 836 785 876 to-

99 899 164 957 tius
184 896 276 965 Asiae,
294 890 388 975 ebque
408 894 444 955 ad
465 896 653 956 accusandum
673 897 789 959 deletlis

102 976 288 1057 responderet
305 977 397 1046 solus,
418 984 445 1037 δι
464 977 565 1037 orandi
580 980 702 1049 nescius,
722 1000 790 1059 pro-

102 1062 174 1142 ptio
188 1060 218 1119 in
238 1078 333 1132 metu,
351 1059 401 1139 qui
420 1060 571 1121 exercitam
591 1081 706 1143 quoque
727 1061 791 1121 elo·

102 1141 257 1223 quentiam
279 1140 434 1199 debilitat:
456 1162 515 1201 non
531 1162 704 1221 temperante
725 1138 788 1203 Ti-

104 1222 214 1293 berio,
237 1223 318 1303 quin.
333 1242 469 1301 premeret
497 1243 591 1293 voce,
617 1222 699 1283 vultu
715 1246 725 1293 3
752 1222 790 1285 eb

103 1300 190 1386 qubd
205 1306 264 1382 ipse
279 1303 444 1362 creberrime
463 1304 656 1385 interrogabat
674 1326 681 1361 ε
697 1325 791 1386 neque

105 1384 256 1456 refellere,
280 1404 329 1445 aut
353 1384 462 1443 eludere
487 1384 631 1456 dabatur3
660 1407 692 1443 ac
719 1407 793 1466 saepe

105 1469 200 1527 etiam
220 1465 412 1527 confitendum
436 1484 513 1536 eret,
534 1487 569 1527 nc
590 1463 688 1525 frustra
709 1488 792 1547 quae-

107 1550 230 1609 sivisset.
243 1548 343 1608 Servos
354 1569 467 1629 quoque
481 1548 586 1618 Silani,
597 1568 629 1607 ut
643 1552 793 1610 tormentis

108 1632 371 1713 interrogarentur,
392 1632 470 1689 attor
496 1630 623 1711 publicus
644 1632 793 1710 mancipio

110 1732 259 1790 acceperat
282 1734 289 1769 τ
313 1720 341 1771 &
360 1732 394 1769 ne
415 1713 477 1793 quis
496 1712 715 1771 necessariorum
738 1718 791 1793 ju·

110 1812 192 1854 varet
224 1794 459 1874 periclitantem,
487 1792 639 1874 majestatis
671 1794 793 1856 crimina

111 1874 318 1946 subdebantur,
335 1876 460 1935 vinclum
479 1884 506 1934 &
520 1877 668 1934 necessitas
681 1876 794 1937 silendi.

112 1958 207 2040 igitur
222 1959 311 2036 petito
328 1976 482 2037 paucorum
500 1954 609 2014 diemm
622 1958 791 2035 interjetIu,

111 2037 309 2098 defensionem
319 2042 362 2098 sui
371 2038 508 2107 deseruit,
521 2039 593 2096 ausis
604 2036 641 2096 ad
651 2036 794 2098 Cesarem

114 2120 284 2191 codicillis,
326 2120 428 2203 quibus
457 2118 596 2179 invidiam
634 2126 661 2179 δι
700 2138 794 2199 preces

114 2220 273 2263 miscuerat.
514 2231 516 2236 ·
778 2275 783 2283 Ι

156 2282 341 2343 LXVIII.
361 2282 508 2352 Tiberius,
531 2304 592 2365 quae
616 2283 645 2342 in
664 2280 795 2343 Silanum

116 2366 252 2448 parabat,
272 2364 331 2447 quib
354 2363 507 2425 excusatius
525 2367 577 2425 snb
598 2363 727 2445 exemplo
749 2388 796 2425 ac·

117 2450 288 2529 ciperentur‚
311 2446 422 2507 libellos
444 2445 503 2506 divi
526 2443 646 2531 Augusti
667 2446 702 2505 de
721 2446 793 2504 Vo-

117 2530 181 2591 leso'
194 2530 348 2602 Messalla,
370 2529 495 2608 ejusdem
511 2526 586 2589 Asiae
604 2528 794 2608 proconsule,

117 2611 282 2694 fastumque
305 2614 335 2671 in
352 2632 417 2670 eum
439 2612 710 2671 senatusconsultum
727 2611 797 2669 reci·

120 2695 173 2754 tari
199 2695 287 2775 Jubet.
312 2692 391 2753 Tum
415 2693 448 2754 L.
469 2692 602 2752 Pisonem
625 2692 795 2751 sententiam

118 2794 203 2859 rogat
219 2798 227 2835 t
243 2776 308 2849 iile,
320 2775 441 2837 multum
456 2774 491 2854 de
505 2774 649 2917 clementp'a
656 2774 797 2867 principis

653 2876 673 2936 ¹}
