2075 3659
240 291 310 382 306
410 286 448 356 C.
477 285 631 356 coare.
663 284 876 352 Tacinr

277 404 376 468 XXX.
392 404 437 466 Ac
457 425 554 466 tamen
573 423 767 480 recusatores,
787 404 811 462 si
833 400 926 462 facul-

237 507 280 550 tas
295 488 447 556 incideret,
465 489 556 567 poenis
568 483 773 546 adficiebantur
787 507 795 540 ι
808 504 842 543 ut
854 485 923 544 Ser-

236 571 320 630 vilius
348 569 576 649 Corneliusque,
599 566 707 648 perdito
732 566 843 626 Scauro
875 564 924 625 fa-

237 653 334 722 mosi,
378 652 425 709 nia
447 651 599 728 pecuniam
623 670 639 707 a
668 648 762 706 Vario
792 647 925 729 Ligure,

237 673 401 792 omitteniz
414 730 582 801 delationis,
596 747 743 810 ceperant,
754 729 785 786 in
799 728 926 800 insulas,

237 814 388 874 interdilSlo
407 815 418 871 i
439 814 469 872 ni
486 831 570 893 atque
585 809 679 890 aqui,
697 809 810 869 demoti
828 827 898 883 sunt
916 831 925 866 :

238 894 411 955 &Abudius
458 915 527 964 uso,
547 892 657 952 funestus
675 891 834 961 aedilitate,
854 889 927 948 duni

237 975 361 1034 Lentulo
381 974 542 1046 Gaetulico,
564 973 615 1033 sub
637 994 695 1054 quo
717 973 829 1052 legioni
854 992 926 1051 prz-

238 1054 350 1126 fuerat,
367 1057 521 1135 periculum
541 1053 669 1124 facessit,
685 1054 761 1131 quid
778 1054 806 1112 is
824 1051 926 1133 Sejani

231 1137 326 1218 filium
334 1137 460 1215 g'enemm
471 1136 632 1216 destinasset
639 1182 651 1206 ,
663 1135 737 1194 ultro
750 1133 926 1205 damnatur,

239 1235 324 1298 atque
340 1218 408 1278 urbe
424 1219 555 1300 exigitur.
575 1217 729 1276 Gaetulicus
751 1237 787 1275 ea
805 1236 925 1295 tempes·

238 1317 296 1360 tate
325 1300 471 1378 superioris
484 1299 658 1358 'Germaniae
683 1297 816 1380 legiones
846 1318 925 1356 cura·

240 1381 309 1448 bat,
337 1382 496 1460 mirumque
524 1399 652 1439 amorem
673 1377 823 1439 adsecutus
843 1399 922 1450 erat3

240 1458 334 1521 effiisae
358 1463 534 1532 clementiae,
555 1459 682 1519 modicus
703 1461 871 1530 severitate,
895 1469 923 1520 &

239 1543 370 1624 proximo
393 1562 507 1623 quoque
530 1543 683 1611 exercitui,
704 1561 752 1620 per
772 1541 807 1600 L.
826 1543 924 1620 Apro-

239 1625 319 1683 nium
334 1643 477 1694 socerum,
495 1643 555 1682 non
574 1624 698 1706 ingratus
718 1645 726 1679 t
746 1622 823 1682 unde
843 1621 923 1682 furna

238 1703 387 1772 constane,
407 1725 506 1762 ausum
527 1705 635 1762 mittere
651 1703 688 1763 ad
707 1702 852 1763 Caesarem
867 1704 921 1762 lit-

238 1803 330 1855 teras,
354 1782 541 1862 Adfinitatcm
559 1785 616 1846 sibi
640 1807 698 1844 cum
721 1783 825 1865 Sejano
849 1785 923 1846 haud

237 1883 354 1941 sponte,
368 1867 419 1925 sed
432 1867 550 1925 consilio
572 1866 680 1925 Tiberii
698 1884 815 1939 coeptam
833 1888 922 1940 :per-

239 1949 373 2017 indere,
395 1945 475 2024 qulam
501 1947 662 2019 Tiberium,
673 1948 745 2024 falli
761 1949 921 2022 potuisse:

239 2051 321 2105 neque
333 2051 447 2088 errorem
459 2031 579 2089 eumdem
591 2030 638 2088 illi
648 2030 836 2106 sinefraude,
849 2031 920 2089 aliis

239 2111 329 2169 exitio
341 2109 521 2168 habendum:
536 2109 594 2168 sibi
600 2111 685 2188 fidem
702 2111 853 2189 integram,
871 2108 920 2181 ἃ,

239 2191 362 2250 si-nullis
373 2191 488 2250 insidiis
496 2208 651 2263 peteretur,
665 2214 822 2250 mansuram
833 2216 843 2249 :
855 2214 920 2250 suc·

239 2293 370 2329 cessorem
380 2293 435 2330 non
447 2273 548 2340 aliter,
564 2271 644 2348 quim
654 2273 786 2331 indicium
801 2273 919 2343 monis,

239 2369 407 2424 accepturum
436 2376 447 2410 .·
469 2355 616 2430 firmarent
637 2354 713 2413 velut
729 2354 844 2431 fndus,
868 2374 918 2430 quo

234 2433 362 2507 princeps
372 2451 517 2493 ceterarum
529 2455 616 2494 rerum
621 2435 775 2508 potiretur,
787 2436 848 2508 ipse
854 2457 918 2508 pro-
989 2468 993 2476 ·

209 2553 211 2557 ·
239 2514 364 2574 vinciam
381 2516 515 2575 retineret.
537 2514 607 2574 Haec
629 2515 700 2574 mira
720 2536 919 2596 quamquam,

186 2624 188 2627 ·
240 2592 326 2653 fidem
338 2616 371 2652 ex
385 2615 420 2654 eo
430 2593 595 2667 trahebant,
609 2594 686 2677 quod
699 2615 769 2656 unus
785 2599 919 2656 omniurn

240 2675 335 2753 Sejani
351 2676 486 2738 adfinium
505 2679 670 2749 incolumis,
689 2675 835 2758 multique
854 2699 919 2760 gra-

238 2752 281 2816 til
307 2759 410 2819 mansit
431 2781 438 2817 ε
461 2777 608 2839 reputante
628 2758 748 2820 Tiberio
768 2759 918 2842 publicum
