2075 3659
265 276 514 347 ‘inusserunt
537 278 621 347 Lis.
647 278 697 348 11.
753 298 814 351 rrt

140 396 237 483 magis
255 418 373 469 eventu,
394 395 463 457 fusis
480 400 621 481 utrimque
640 398 742 461 dextris
761 424 821 462 cor·

140 483 236 544 nibus.
259 480 482 560 Sperabamrque
510 500 616 541 rusum
641 502 760 560 puqnt,
789 486 820 544 ni

139 561 340 623 Maroboduus
359 559 445 620 castra
471 562 501 620 in
525 563 609 621 colles
633 563 819 627 subduxisset.

139 642 177 703 Id
207 645 320 721 signum
355 643 472 721 perculsi
502 641 579 702 fuit:
607 652 634 703 &
668 644 821 727 transfugis

140 725 292 806 paullatim
311 724 447 795 nudatus,
466 724 497 782 in
511 724 734 787 Marcomannos
751 748 822 786 con-

140 808 242 877 cessit,
262 806 395 887 misitque
413 806 523 889 legotos
542 804 579 865 ud
596 804 746 867 Tiberium
760 830 822 869 ora·

142 907 222 947 turos
248 888 360 947 auxilia.
388 886 563 966 Responsum
589 885 652 958 est,
682 912 736 948 nort
756 890 822 970 jure

142 964 204 1028 dum
215 972 347 1028 aduersus
360 968 503 1030 Cheruscos
514 990 593 1027 anna
603 968 731 1030 Romane
742 972 822 1031 invo-

143 1072 223 1121 care,
230 1051 278 1126 qni
284 1052 433 1129 pugnamis
441 1052 473 1108 in
480 1054 599 1109 eumdem
610 1050 706 1133 hostem
715 1052 821 1112 Romn-

142 1152 195 1191 nos
209 1132 286 1190 nulla
303 1154 351 1206 ope
360 1133 490 1210 juvisset.
506 1132 611 1191 Missus
628 1152 724 1193 tumen
743 1134 821 1195 Dm·

143 1234 211 1283 sus,
234 1232 265 1271 ut
283 1214 445 1283 retulimus,
465 1214 541 1292 pacis
559 1211 694 1273 firmstor.

184 1294 309 1354 XLVII.
332 1294 445 1353 Eodem
470 1314 546 1353 anno
568 1294 718 1353 duodecim
742 1294 820 1355 cele·

143 1374 208 1434 bres
231 1376 304 1435 Asiae
322 1377 403 1435 urbes
423 1373 563 1453 'conlnpsae
585 1378 722 1435 nosturno
739 1396 822 1437 motu

143 1476 244 1528 terrae,
264 1453 325 1538 qud
347 1458 526 1534 improvisior
547 1458 713 1537 graviorque
740 1456 821 1536 pellis

142 1537 200 1599 fuit
219 1562 225 1595 :
245 1559 335 1620 neque
352 1540 467 1598 solitum
486 1537 586 1596 intuli
605 1558 669 1596 casu
683 1534 822 1621 effirgium

142 1620 330 1682 subveniebat
350 1622 493 1698 inaperta
516 1619 730 1699 prorumpendi,
753 1623 822 1701 quia

143 1701 266 1762 diductis
274 1703 352 1761 terris
365 1698 572 1760 hauriebantur.
586 1699 697 1761 Sedisse
708 1701 822 1761 immert-

142 1806 194 1845 sos
203 1805 326 1855 montes,
335 1784 402 1843 uisa
413 1784 443 1841 in
452 1786 535 1842 arduo
544 1783 821 1861 quaeplanafiurint,

142 1865 283 1944 effulsisse
292 1867 366 1925 inter
374 1864 483 1923 ruinam
496 1866 572 1943 ignes
583 1884 750 1923 memorent.
766 1864 823 1923 As-

144 1949 265 2029 perrimo
279 1948 309 2005 in
319 1945 470 2005 Sardianos
481 1946 540 2005 lues
551 1946 702 2022 plurimum
715 1946 744 2003 in
759 1964 823 2003 eos-

92 2040 103 2055 ·
145 2028 214 2087 dem
235 2027 430 2088 misericordie
441 2028 527 2087 traxit
540 2048 547 2081 ι
560 2044 627 2083 num
642 2026 744 2083 centies
761 2045 821 2083 ses·

70 2109 73 2113 ⁴
145 2111 262 2173 tertium
295 2109 438 2189 pollicitus
472 2105 568 2165 Caesur
590 2150 600 2176 ,
626 2112 653 2163 δι
683 2126 822 2187 quintum

144 2192 259 2261 mario,
275 2210 324 2250 aut
340 2187 409 2248 fisco
420 2186 595 2269 pendebant,
613 2187 642 2245 in
657 2188 821 2269 quinquen-

145 2276 229 2337 nium
242 2272 358 2331 remisit.
373 2270 526 2355 Magnetes
537 2292 553 2327 a
565 2268 684 2349 Sipylo,
701 2270 823 2349 proximi

145 2356 256 2416 damno
270 2376 302 2413 ac
315 2353 439 2412 remedio
452 2348 552 2412 habiti.
572 2348 726 2421 Temnios,
747 2348 821 2409 Phi·

144 2434 351 2517 ladelphtnos‚
374 2434 513 2517 AEgeatas
526 2478 535 2503 ,
563 2432 798 2515 Apollonidenses
809 2474 822 2501 ,

144 2520 254 2603 quique
281 2514 432 2585 Mosteni,
464 2534 514 2573 aut
541 2514 715 2573 Mtcedones
739 2510 821 2590 Hyr-

146 2603 214 2663 cani
240 2617 397 2668 vocantur,
420 2607 448 2657 δι
468 2596 729 2662 Hierocaesareum,
751 2592 826 2671 My÷

145 2687 262 2758 1in3m,
287 2682 401 2762 Cymen
416 2724 428 2748 ‚
455 2677 594 2749 Tmolum
610 2720 619 2747 ‚
642 2674 727 2733 levari
744 2672 822 2735 idem

146 2761 316 2845 insst'emp‘us
341 2761 475 2833 tributis,
501 2759 634 2840 mittique
661 2774 695 2817 ex
724 2775 822 2816 senatu
