2075 3659
241 266 490 332 Anthemu
509 271 571 331 No
584 287 653 330 τι.
741 291 794 346 353
886 301 890 307 ·

98 377 799 452 Εε-

220 502 294 591 IN
329 500 692 574 LIBRUMII.
748 505 751 512 ’

143 652 526 718 ἈΝΝΑιιυΜ
563 649 773 714 notre.

118 785 207 869 Cer.
224 808 246 858 l.
264 822 291 859 ι.
310 805 398 856 cuneta
413 809 575 856 venerantium
591 807 684 874 efficia.
700 807 753 858 Hac
770 809 802 858 de

117 899 151 936 re
161 881 299 939 Horatius,
318 879 392 946 Epist.
413 881 468 931 Lib.
481 897 492 931 1
505 916 513 942 ,
532 895 577 932 12.
588 881 633 933 lus
641 871 802 950 imperium'que

114 956 235 1008 Phraates
249 952 346 1019 cafiuts
357 956 449 1020 accepit
460 952 558 1021 genibus
571 959 654 1006 minor.

159 1046 186 1083 2.
203 1027 280 1081 Haud
289 1028 383 1093 perinde
392 1025 466 1088 nostri
475 1041 550 1084 mnu,
562 1028 640 1095 quint.
653 1029 691 1079 Re
702 1029 801 1096 quidem

116 1103 173 1170 ipsa
201 1101 296 1154 vetitus
323 1099 466 1151 domesticas
492 1099 626 1153 seditiones
648 1102 674 1152 &
690 1102 803 1154 insidias.

93 1207 99 1212 -
118 1179 207 1243 Quum
218 1175 282 1226 enin
293 1172 375 1226 Parthi
393 1189 409 1222 e
425 1174 476 1224 sola
488 1189 564 1240 gente
580 1173 748 1226 Arsacidarum
760 1191 803 1226 re·

118 1266 169 1319 ges
182 1249 320 1310 sumerent,
335 1247 481 1313 videretque
497 1246 598 1298 infestos
610 1249 657 1298 sibi
667 1250 802 1317 optimates

120 1322 195 1394 effe,
212 1332 316 1390 propter
338 1320 438 1372 assidua
464 1320 575 1382 scelera,
591 1335 680 1387 partem
702 1321 803 1388 prolis,

119 1412 213 1462 nempe
234 1406 339 1462 quatuor
358 1391 425 1443 filios
435 1427 444 1451 ,
461 1409 597 1460 eorumque
615 1410 707 1446 uxores
724 1395 803 1452 duas,

118 1488 178 1522 curn
187 1468 244 1521 filiis
254 1471 315 1520 item
322 1477 429 1534 quatuor
440 1467 598 1529 amandabat,
613 1467 663 1537 quit
671 1469 803 1533 pauciores

119 1542 219 1605 effent,
237 1545 279 1611 qui
297 1542 375 1592 creari
394 1551 481 1590 contra
499 1541 525 1590 se
543 1555 616 1610 reges
634 1540 740 1607 possent.

157 1617 190 1668 11.
213 1633 237 1668 t.
250 1617 398 1682 Sequentium
411 1631 498 1682 regum.
508 1613 648 1666 Phraatacis
657 1614 683 1666 &
693 1613 802 1670 Orodis.

118 1689 246 1755 Iosephus
264 1689 444 1755 Antiquitatum
465 1690 496 1738 ιδ
507 1726 515 1751 ,
536 1704 560 1750 3.

161 1781 188 1816 2·
200 1762 315 1830 fastuque
329 1780 382 1830 erga
390 1764 483 1828 patrias
492 1762 582 1829 epulas.
596 1762 682 1829 Quum
690 1779 741 1814 non
747 1775 802 1814 tan·

120 1849 175 1890 tum
198 1839 287 1893 cibos.
309 1837 350 1887 sed
372 1837 398 1886 &
416 1837 521 1902 patrium
539 1852 634 1886 motem
654 1836 804 1888 convivandi

119 1911 269 1979 sperneret,
287 1911 484 1974 despiceretque.

161 2001 186 2049 3.
210 1983 336 2034 Vilissimt
353 1982 489 2030 utensilium
505 1981 596 2032 annulo
610 1981 699 2048 clausa.
712 1982 802 2050 sigilio

120 2061 255 2124 obsignata
276 2071 284 2106 t
302 2055 378 2104 motis
400 2066 483 2103 eutem
502 2054 608 2105 Romani
621 2055 685 2113 fuit.
698 2067 725 2105 ut
738 2057 804 2107 domi

121 2130 239 2199 quidquid
257 2141 311 2178 etat
333 2126 383 2176 vini
404 2127 521 2194 cibique,
540 2129 630 2178 annulo
647 2127 803 2196 signaretur,

70 2230 75 2238 ·
121 2206 155 2257 ad
170 2204 269 2257 vitanda
284 2201 351 2252 furta
366 2200 506 2270 servotum.
522 2201 563 2252 De
582 2202 728 2252 utensilibus
745 2203 803 2254 vide

84 2283 89 2290 '
122 2279 190 2330 Ann.
213 2292 247 2337 1,
266 2291 311 2337 70.

58 2377 68 2389 ·
162 2367 191 2414 4.
205 2349 296 2418 ignote
313 2345 412 2397 Parthis
430 2351 545 2411 virtutes,
564 2365 626 2400 nona
645 2351 716 2400 vitia.
739 2349 803 2415 Quae

116 2423 247 2481 uirtutes,
267 2438 356 2488 nempe
370 2426 473 2489 prompti
490 2425 587 2485 aditus,
603 2423 673 2474 obvia
688 2427 802 2486 comites,

124 2515 198 2565 quum
213 2498 305 2564 ignotae
318 2496 414 2545 Parthis
429 2495 521 2555 effent,
539 2513 584 2562 pro
596 2498 661 2546 vitiis
676 2497 804 2546 habeban-

117 2583 165 2622 ‚tur
174 2571 238 2638 apud
246 2587 309 2624 eos,
327 2570 368 2635 qui
383 2586 457 2634 prave
477 2571 502 2620 &
522 2568 622 2618 honesta
633 2571 733 2634 perinde
744 2569 803 2620 otie-

124 2657 195 2701 tent,
214 2645 236 2695 si
250 2645 333 2694 aliena
352 2643 461 2693 motibus
478 2634 586 2708 ipsoium
607 2642 693 2695 essent.

132 2774 136 2782 .
160 2718 202 2774 lli.
214 2733 239 2772 1.
248 2717 372 2774 Sotiatis.
383 2751 409 2774 ..
425 2719 452 2768 itt
467 2719 642 2772 matrimonium
656 2729 809 2790 regnumque,
