2075 3659
193 265 262 331 134
315 240 351 310 C.
381 241 528 311 cortu.
561 242 745 308 TAcrrr

190 366 310 423 occulto:
321 359 472 436 &periisse
482 361 677 423 Germanicum
686 361 881 441 nullijareana

193 445 250 504 rius
264 462 392 513 mutent,
411 442 492 519 quiem
505 444 554 519 qui
571 442 691 501 maximi
709 444 854 501 letantur.

234 524 401 585 LXXVIII.
425 524 514 585 Haud
541 544 646 607 magna
677 524 752 582 mole
777 524 879 595 Piso,

213 627 339 687 comptus
366 604 528 676 ferocibus,
556 607 586 664 in
610 607 779 665 sententiam
806 626 878 665 tra-

192 629 270 749 bitur
293 689 469 768 :missisque
493 686 530 747 ad
551 686 699 745 Tiberium
726 684 879 765 epistolis,

194 771 304 831 incusat
321 770 515 831 Germanicum
529 768 611 829 luxris
627 766 654 828 ἃ
670 768 798 842 superbie
806 791 822 839 ,·
834 792 883 829 se·

193 874 243 929 que
253 854 384 926 pulsum,
398 870 428 909 ut
443 852 517 910 locus
531 850 607 909 rebus
619 851 701 910 novis
710 851 880 928 patefieret,

154 962 156 966 ·
194 956 287 993 cretam
306 933 463 1001 exercitiis,
482 936 574 991 eadem
586 933 643 1010 fide
663 934 715 1008 quei
737 932 880 1002 tenuerit,

180 1012 368 1089 ¹repetivisse.
394 1014 486 1073 Simul
506 1014 673 1073 Domitium
704 1014 881 1091 impositum

197 1097 304 1156 triremi
316 1097 408 1154 uitare
425 1096 549 1153 littorum
565 1118 658 1164 oram,
668 1112 812 1170 praeterque
825 1096 882 1153 in-

196 1178 291 1247 sulas,
304 1177 362 1235 lato
377 1177 466 1246 mari,
475 1199 584 1255 pergere
597 1177 628 1234 in
641 1175 853 1255 Syricunjubet
871 1200 882 1233 :

192 1279 392 1317 ‘concurrentes
404 1257 555 1317 desertores
567 1278 617 1337 per
626 1257 784 1336 manipulos
794 1278 886 1317 com-

197 1341 300 1421 ponit,
328 1361 419 1401 armat
436 1341 525 1410 lixas,
547 1341 723 1419 trajediisque
745 1340 774 1397 in
797 1360 881 1398 con-

198 1423 337 1482 tinentem
360 1421 498 1492 navibus,
528 1421 663 1480 vexilium
690 1422 815 1479 tironum
846 1423 882 1482 in

199 1504 311 1583 Syriam
335 1506 462 1563 euntium
490 1503 642 1581 intercipit.
673 1502 788 1583 Regalis
813 1500 882 1562 Ci-

199 1585 285 1643 licum
299 1604 330 1642 ut
343 1608 374 1643 se
389 1585 508 1643 auxiliis
523 1585 659 1664 juvarent
671 1584 784 1652 scribit3
798 1580 883 1645 haud

198 1667 305 1748 ignavo
325 1665 362 1724 ad
377 1664 530 1724 ministeria
550 1665 618 1723 beIIi
636 1670 738 1743 juvene
751 1665 883 1737 Pisone,

167 1749 171 1756 ¹
200 1763 375 1828 quamquam
385 1746 593 1825 suscipiendum
606 1746 712 1805 beilum
724 1747 883 1809 abnuisset.

240 1828 379 1888 LXXIX.
399 1828 490 1910 Igitur
511 1849 593 1888 oram
616 1830 711 1909 Lyciae
729 1850 762 1887 ac
784 1828 882 1887 Pam·

199 1906 302 1991 phyliat
323 1910 521 1993 praelegentes,
545 1910 791 1979 obtimatibus,
816 1932 886 1991 quae

199 1993 389 2074 Agrippinam
409 1990 573 2062 vehebant,
592 1993 733 2073 utrimque
754 1990 885 2065 infensi,

199 2094 279 2144 asma
299 2070 392 2153 primd
414 2073 558 2153 expediere
579 2094 585 2129 :
606 2072 672 2133 dein
694 2092 793 2132 mutua
811 2071 882 2133 for-

201 2154 326 2224 midine,
340 2178 399 2214 non
412 2156 485 2215 ultra
501 2156 627 2236 jurgium
639 2175 799 2234 processum
814 2153 854 2213 est
871 2160 898 2213 ε’

200 2236 368 2315 Marsusque
391 2237 495 2294 Vibius
514 2238 661 2297 nunciavit
681 2238 802 2305 Pisoni,
825 2236 887 2295 Ro-

200 2338 274 2375 mam
288 2321 326 2375 ad
338 2319 478 2375 dicendam
487 2338 599 2375 eausam
612 2320 729 2380 veniret.
747 2318 799 2378 IIIe
812 2318 883 2377 elu-

202 2396 270 2457 dens
295 2398 463 2476 respondit,
495 2399 648 2476 adfictumm
662 2446 676 2471 ,
707 2400 756 2458 ribi
778 2419 890 2476 prator·

201 2480 250 2557 qui
266 2484 299 2539 de
314 2481 456 2558 veneficiis
473 2500 620 2557 quereret,
637 2504 681 2542 reo
698 2501 776 2561 atque
799 2504 884 2541 accu-

202 2562 340 2622 satoribus
359 2564 623 2638 diempradixissec
641 2564 757 2636 interim
772 2562 888 2623 Domi·-

203 2645 258 2703 tius
285 2644 459 2705 Laodiceam
483 2644 584 2703 urbem
608 2644 695 2725 Syriae
722 2644 883 2723 adpulsus,

203 2745 294 2805 quum
328 2724 448 2789 hibunt
476 2746 558 2787 sextae
589 2728 713 2811 legitime
741 2742 882 2809 peteret,
