2075 3659
279 297 512 360 Annanrtrnr
538 299 675 359 Nora..
756 322 811 375 351

128 403 217 464 teser,
235 417 286 454 non
301 406 332 455 ad
348 404 501 470 Hisponem,
520 405 563 456 sed
582 406 612 455 ad
630 403 776 472 Crispinum.

171 496 198 530 2.
215 478 306 527 Eadem
320 480 452 529 necessitas
467 479 545 546 fieret.
563 479 599 528 Ut
616 481 695 530 ceteri
713 495 813 547 quoque

128 563 299 614 tenerentur,
312 569 368 607 uon
384 553 494 604 eamdem
507 552 654 604 sententiam
667 553 750 619 sequi,
771 555 814 606 sed

128 627 210 692 palam
225 626 351 676 declarare
370 627 428 694 quid
447 627 583 684 sentirent.
603 627 628 678 bt
651 625 733 692 jurare
749 627 774 678 id
785 629 814 680 se

127 699 253 758 censere.
274 700 342 766 quod
357 715 372 750 e
387 701 515 766 republica
530 698 579 750 esse
596 701 770 752 existimarent.

170 785 194 837 3.
215 772 356 844 Quantbpue
372 776 493 823 incautiris
508 772 661 838 efferbuerat,
674 773 816 840 penitentis
890 813 892 820 .

125 850 233 914 pariens.
244 847 401 898 Florentinus
412 850 487 898 habet
500 847 629 912 effirrerer.
646 849 694 900 Sed
716 849 741 899 δι
761 850 814 900 Ut·
899 897 901 904 ,

128 922 199 971 sinus
212 922 358 970 emendabat
370 919 512 991 Quantbque
525 924 646 970 incautius
662 921 813 987 efflrbuerar,

128 997 200 1044 mro
212 995 341 1060 patientius
349 995 416 1046 tulit.
428 997 476 1045 Sed
488 995 550 1044 nihil
563 994 597 1044 esi
608 994 714 1046 necesse.
725 995 813 1046 Visum

128 1067 166 1120 est
176 1069 241 1119 enim
249 1067 340 1118 Tacito
355 1069 484 1121 subaudire
498 1067 585 1128 tanrb,
605 1069 812 1136 quemadmodum
843 1063 848 1070 ’

127 1141 198 1192 solet
217 1143 269 1208 poli
287 1143 331 1208 puri
349 1143 375 1194 δι
391 1141 459 1209 patim
476 1143 594 1194 omittere
613 1143 761 1201 cibutum,
784 1144 812 1194 δε

128 1215 268 1282 prudentie
284 1217 385 1268 sessoris
401 1217 586 1284 intelligendam
601 1217 742 1284 relinquere
756 1231 815 1283 pat·

128 1290 231 1342 ticulam
250 1293 334 1357 magis.

165 1380 194 1427 ⁴·
213 1365 254 1414 Aa
270 1365 442 1429 reciperatores.
460 1361 501 1411 Aa
519 1362 615 1429 judices
626 1362 813 1414 asenatuvela

127 1449 239 1504 pretore
253 1437 341 1496 datos,
361 1435 403 1501 qui
420 1436 451 1485 de
468 1437 610 1488 criminibus
620 1436 812 1503 repetundarum

128 1511 314 1580 cognoscerent
329 1509 357 1564 δι
372 1508 520 1572 judicarent.

167 1584 275 1638 LXXV.
291 1598 315 1634 1.
329 1581 446 1646 Adversus
459 1585 592 1648 potentium
609 1599 696 1649 preces.
707 1582 758 1648 Qui
769 1581 813 1632 ad·

126 1659 212 1710 vocati
223 1659 437 1722 &deprecatores
451 1657 554 1708 aderant
563 1657 708 1724 plerumque
719 1671 814 1708 notan·

127 1733 213 1794 tibus,
231 1730 421 1797 efficiebantque
435 1747 467 1780 ne
483 1731 520 1781 illi
535 1747 622 1798 poenas
638 1731 776 1782 solverent.

169 1820 193 1856 2.
211 1805 279 1856 Dum
293 1808 397 1856 veritati.
417 1805 484 1855 Dum
498 1805 621 1856 sanititati
637 1801 812 1871 &integritati

129 1877 279 1942 iudiciorum
302 1878 455 1941 consulitur,
478 1878 573 1928 libertas
600 1877 813 1944 corrumpebatur:

128 1954 187 2020 quia
202 1953 307 2003 Tiberio
322 1953 430 2017 judicum
446 1951 575 2000 sententiae
587 1961 657 2000 erant
668 1949 793 2000 obnoxia.

169 2041 194 2092 3.
212 2026 281 2076 Mose
290 2025 391 2090 publica
404 2027 458 2072 riae.
479 2024 521 2075 Ob
534 2023 653 2090 aggestam
668 2021 694 2074 in
707 2023 813 2088 propin-

127 2116 181 2166 quo
192 2099 403 2163 riampublicaru,
413 2097 438 2147 ὃ(
453 2114 523 2163 aquae
541 2097 637 2146 duilum
657 2097 746 2146 ibidem
765 2109 811 2145 ex·

128 2172 253 2224 situilum.
271 2171 331 2220 Seis.
345 2169 484 2220 immanium
497 2170 522 2220 in
538 2169 578 2218 illa
595 2183 670 2235 opera
683 2169 812 2220 transvec-

127 2246 200 2298 tione
218 2244 325 2310 lapidum
341 2242 448 2310 quassata
464 2243 548 2294 suerat
563 2243 651 2294 domus
665 2243 773 2296 Aurelii·

166 2336 193 2382 4.
214 2320 305 2368 Decies
313 2317 453 2384 sestertium.
471 2318 524 2368 Lib.
544 2317 606 2368 Tur.
629 2333 744 2378 125000.

167 2409 192 2452 ς.
201 2391 307 2444 Probare
314 2391 408 2458 causam
415 2393 512 2459 senatui
522 2389 605 2457 jussit.
623 2394 730 2460 Negavit
743 2390 770 2440 se
778 2391 810 2442 iis

129 2466 306 2518 subventurum
327 2500 334 2522 ‚
365 2467 413 2516 nisi
433 2466 505 2533 justes
530 2467 706 2518 necessitatum
726 2465 816 2518 causae

129 2541 223 2592 senatui
243 2537 394 2606 probassent.

167 2615 280 2664 Lxxvt.
309 2630 330 2662 r.
350 2613 476 2664 Achaiam.
500 2611 557 2662 Hoc
580 2611 679 2662 nomine
701 2609 810 2662 Romani

128 2697 206 2737 totam
218 2686 338 2738 Graeciam
355 2688 531 2753 appellabant,
545 2687 598 2750 quia
618 2686 710 2734 scilicet
725 2683 807 2758 Grati

128 2760 218 2813 subasli
227 2762 324 2815 suerent
330 2798 339 2826 ‚
349 2760 518 2814 obtinentibus
529 2760 691 2827 principatum
700 2757 807 2812 Achaeit.
