2075 3659
225 292 476 365 AnnArruir
498 297 583 365 Lm.
608 299 661 367 ΙΙ,
714 322 784 389 109

99 433 226 495 unoque
242 412 303 474 filio
314 414 441 498 legiones
454 416 612 479 obtinente,
627 416 684 479 sed
698 418 786 481 Suevi

99 494 347 578 praetendebantur
376 498 514 557 auxilium
542 498 673 559 adversus
698 498 783 561 Che-

99 597 200 637 ruscos
209 596 320 637 orantes
334 600 342 634 z
354 600 423 637 nam
433 578 554 639 discessu
564 580 761 641 Romanorum
775 624 789 653 ,

100 679 138 717 ac
160 660 247 718 vacui
268 678 383 719 externo
407 680 507 731 metu,
535 664 626 743 gentis
656 660 787 723 adsuetu-

100 738 193 810 dine,
214 747 241 798 &
264 759 327 799 tum
350 740 532 801 aemuiatione
557 742 678 825 gloriae,
705 764 786 804 arma

100 822 135 879 in
151 840 336 881 sevenerunt
356 845 366 877 ·.
382 823 427 880 vis
439 824 608 893 nationum,
623 825 710 885 virtus
729 824 787 884 du-

101 923 173 960 cum
187 902 218 959 in
229 923 310 981 aequo
326 900 394 961 :sed
409 902 625 965 Maroboduum
638 906 712 987 regis
725 928 783 965 no·

101 1004 173 1042 rnen
188 983 311 1041 invisum
333 982 409 1061 apud
427 984 596 1065 populares,
619 986 784 1047 Arminium

100 1086 155 1145 pro
170 1064 302 1123 libertate
316 1063 470 1124 bellantem
482 1064 563 1127 favor
577 1064 710 1129 habebat.

142 1144 240 1205 XLV.
254 1145 346 1227 Igitur
358 1167 417 1205 non
432 1146 522 1205 modb
540 1145 677 1209 Cherusci
691 1151 782 1209 socii·
816 1204 821 1232 ,Ι

100 1246 159 1307 que
187 1247 303 1297 eorum,
324 1246 403 1286 vetus
422 1226 548 1287 Arminii
571 1230 667 1301 miles,
691 1252 785 1311 sump-

100 1328 161 1368 sere
184 1306 293 1367 beilum
317 1330 324 1363 :
349 1306 397 1366 sed
418 1328 433 1365 e
454 1330 543 1390 regno
566 1312 652 1370 etiam
675 1310 782 1371 Maro-

100 1388 197 1449 bodui
218 1388 313 1449 Suevae
328 1408 447 1471 gentes,
465 1390 640 1461 Semnones,
661 1413 693 1451 ac
710 1392 786 1451 Lan-

101 1469 245 1553 gobardi,
263 1466 390 1530 defecere
403 1469 440 1529 ad
458 1491 523 1529 eum
541 1472 664 1551 :quibus
681 1470 786 1535 additis

100 1550 304 1633 praepollebat,
329 1552 360 1610 ni
387 1550 586 1633 lnguiomerus
607 1573 671 1610 cum
698 1574 788 1615 manu

102 1633 255 1693 clientium
283 1632 320 1693 ad
344 1632 561 1693 Maroboduum
594 1632 785 1717 perfugisset3

101 1737 163 1775 non
180 1714 269 1774 aliam
285 1714 326 1773 ob
345 1734 479 1784 causum,
500 1712 587 1795 quim
606 1716 673 1795 quia
692 1714 786 1777 fratris

102 1794 170 1857 filio
194 1798 312 1876 juveni,
342 1815 454 1874 patruus
478 1817 561 1857 senex
583 1817 677 1877 parere
699 1796 795 1871 dedi<

104 1877 257 1961 gnabatur.
278 1876 343 1937 Diri
404 1897 448 1937 tur
472 1878 545 1937 acies
564 1880 623 1957 pari
643 1880 786 1959 utrimque

102 1980 172 2039 spe,
188 1978 260 2030 nec,
274 1978 308 2019 ut
326 1960 363 2016 o'
417 1957 492 2039 apud
508 1958 687 2030 Germanos,
704 1962 786 2041 vagis

101 2040 282 2110 incursibus,
316 2060 365 2099 aut
393 2037 521 2118 disjedias
550 2059 598 2119 per
622 2059 746 2101 catervas
775 2062 784 2097 r

102 2123 210 2204 quippe
227 2118 316 2214 longi
337 2119 485 2181 adversum
503 2142 557 2179 nos
575 2116 679 2179 militia
697 2122 795 2197 insue-¹

101 2223 205 2263 verant
217 2222 296 2283 sequi
309 2202 408 2285 signa,
423 2199 551 2259 subsidiis
570 2198 690 2272 firmari,
710 2200 787 2263 dieta

102 2287 310 2365 imperatorum
333 2284 467 2361 accipere.
490 2282 532 2341 At
553 2302 619 2342 tunc
640 2284 789 2345 Arminius

102 2386 180 2447 equo
204 2362 375 2425 conlustrans
398 2366 568 2431 tundimur
588 2386 714 2445 quosque
738 2366 788 2425 ad·

102 2450 202 2507 vestus
225 2466 285 2506 erat
302 2469 308 2502 :
328 2444 518 2519 Reciperatam
537 2445 711 2515 libertatem,
732 2465 789 2505 rru-

103 2530 216 2588 cidatas
228 2522 377 2607 ¹legiones³
397 2527 489 2600 spolia
511 2524 598 2585 adhuc
614 2522 640 2585 d?
656 2528 710 2585 tela
726 2524 785 2585 Ro-

101 2610 199 2670 manis
214 2608 364 2683 dereptam
375 2606 501 2665 manibus
519 2606 683 2676 multorum,
697 2603 788 2665 osteu-

103 2692 188 2751 tabat
206 2715 214 2747 ι
231 2708 325 2749 contra
331 2689 459 2766 fitgacem
471 2686 672 2745 Maroboduum
685 2686 796 2773 appel-y

104 2771 350 2850 lannproelioncm
360 2788 509 2849 expertem,
514 2768 663 2851 Hercyniae
676 2767 787 2831 larcin}
