2075 3659
375 184 386 207 ἱ

223 301 270 380 46
348 290 384 361 C.
413 292 559 390 Contu⁴
587 291 773 359 TAcirr

225 410 417 471 adcelerantur
440 433 446 467 :
469 412 575 469 etenim
596 410 748 471 attulerant
769 409 909 490 explora-

225 513 300 552 tores
306 494 404 573 ftflam
420 514 479 550 eam
499 492 648 550 Gemtanis
668 498 791 561 nollem,
812 516 845 550 ac
858 516 910 551 so-

226 574 352 632 lennibus
370 574 457 647 epulis
475 574 619 631 ludicram.
635 571 752 632 Caecina
771 594 839 631 cum
858 594 912 632 ex-

226 653 331 734 peditis
346 650 510 713 cohortibus
529 656 640 733 praeire,
655 662 683 713 &
699 652 844 714 obstantia
858 656 911 714 sil-

226 756 325 794 varum
346 734 459 795 amoliri
475 734 588 815 jubetur
609 759 615 791 ι
640 735 767 817 legiones
786 736 911 795 modico

227 818 376 877 intervallo
402 836 561 896 sequuntur.
590 817 669 876 Juvit
692 838 750 874 nox
771 816 913 877 sideribus

228 896 349 957 inlustris
368 917 562 977 :ventumque
572 896 609 956 ad
626 898 705 956 vicos
722 897 910 968 Marsorum,

228 986 256 1037 &
277 977 452 1037 circumdate
466 976 615 1049 stationes,
632 976 723 1037 stratis
738 979 827 1038 etiam
846 999 911 1039 tum

228 1079 277 1139 per
308 1060 433 1128 cubilia,
461 1079 630 1140 propterque
657 1080 797 1130 mensas,
827 1062 912 1120 nullo

229 1160 324 1211 metu,
337 1159 395 1200 non
406 1159 470 1199 ante
482 1143 580 1220 positis
590 1140 794 1223 vigiliis3adeo
807 1146 913 1203 cunels

229 1220 337 1280 incurii
355 1221 468 1301 disjeela
485 1242 564 1283 erant
584 1245 590 1278 τ
610 1242 702 1302 neque
716 1222 784 1281 belli
802 1226 911 1295 timor;
939 1267 942 1273 .

229 1324 264 1361 ec
282 1325 317 1361 ne
331 1324 385 1383 pax
402 1302 536 1383 quidem,
551 1304 605 1363 nisi
619 1304 755 1386 languida
773 1313 801 1364 8<
816 1304 913 1366 soluta

230 1384 304 1453 inter
320 1384 497 1445 temulentos.

271 1466 320 1525 LI.
343 1466 437 1527 Caesar
455 1465 551 1525 avidas
570 1466 715 1548 legiones,
740 1466 800 1547 quo
822 1467 913 1527 latior

231 1548 379 1628 populatio
400 1546 473 1608 foret
493 1549 663 1628 quatuocin
682 1569 785 1606 cuneos
806 1547 914 1627 disper⁴

233 1630 268 1687 tit
287 1632 516 1711 :quinquaginta
540 1629 664 1687 millium
682 1631 806 1709 spatium
834 1628 914 1689 ferro

232 1711 410 1790 flammisque
435 1707 571 1789 pervellat
595 1734 602 1766 t
632 1731 691 1768 non
714 1732 820 1779 sexus,
849 1733 914 1771 non

233 1809 298 1851 aetas
316 1792 524 1851 miserationem
546 1791 664 1861 attulit3
686 1790 807 1871 profana
823 1792 916 1851 simul

234 1880 262 1931 &
284 1893 381 1951 secra,
409 1882 435 1931 &
459 1873 670 1931 celeberrimum
695 1873 751 1932 illis
776 1874 915 1955 gentibus

235 1954 392 2033 templum,
412 1952 489 2033 quod
513 1945 645 2031 Tanfimae
662 1955 824 2023 vocabant,
846 1955 914 2013 solo

235 2054 394 2115 aequantu13
413 2036 471 2093 sine
488 2035 601 2095 uulnere
618 2036 741 2104 milites,
761 2036 812 2116 qui
823 2038 915 2094 semi-

235 2138 371 2186 somnos,
395 2118 516 2177 inermos
533 2137 581 2177 aut
598 2116 724 2195 palantes
741 2115 913 2177 ceciderant.

237 2198 351 2258 Excivit
374 2218 406 2257 ea
430 2198 515 2257 caedes
536 2198 680 2258 Brusteros
695 2244 707 2267 ,
731 2196 913 2268 Tubantes,

236 2279 394 2357 Usipetes3
417 2278 584 2359 saltusque,
610 2300 657 2358 per
681 2300 752 2360 quos
777 2281 916 2338 exercitui

237 2378 393 2441 regressus,
413 2358 562 2418 insedere:
586 2358 664 2439 quod
682 2380 802 2443 gnatum
820 2359 886 2419 duci
905 2382 914 2417 t

237 2442 404 2521 incessitque
411 2441 504 2499 itineri
518 2450 545 2501 δε
559 2442 673 2519 proelio:
687 2462 749 2520 pars
762 2444 889 2523 equitum
899 2463 925 2511 ,*

231 2514 266 2581 ’δὲ
277 2522 425 2583 auxiliariae
435 2519 564 2582 cohortes
574 2522 731 2591 ducebant3
742 2542 809 2580 mox
821 2525 916 2601 prima

239 2604 316 2687 legio
338 2626 344 2661 :
363 2612 390 2665 δι
409 2603 509 2663 mediis
526 2601 750 2683 impedimentis,
768 2602 916 2664 sinistnrm

240 2687 313 2746 latus
338 2687 599 2756 unetvicesimani‚
625 2684 753 2744 dextrum
780 2687 917 2765 quintani

241 2768 361 2831 clausere
382 2792 389 2826 :
409 2768 543 2829 vicesima
564 2766 641 2850 legio
660 2786 740 2848 terga
760 2762 884 2829 firmavit
901 2811 915 2838 ,
