2075 3659
212 243 465 346 Auernum
489 279 574 348 ΜΒ.
600 282 651 348 ΙΙ.
717 305 757 372 95

83 395 260 458 carminibus
270 399 396 469 eliceret,
410 397 447 458 ad
456 399 616 458 Fulcinium
625 399 763 462 Trionem

82 479 226 540 indicium
244 477 344 539 detulit
361 502 368 535 ε
386 479 492 538 celebre
505 482 578 540 inter
592 477 764 542 accusatores

82 559 202 620 Trionis
222 562 367 642 ingenium
392 582 465 632 erat,
489 561 661 642 avidumque
681 561 765 623 famae

83 642 176 702 maire.
198 642 304 701 Statim
321 643 436 722 corripit
455 663 553 712 reum,
578 643 638 704 adit
658 665 763 704 consu-

83 723 149 794 les,
173 721 284 782 senattis
303 725 500 804 cognitionem
523 726 613 802 poscit
634 747 640 780 ε
663 734 690 785 &
711 748 765 784 vo-

82 825 185 864 cantur
205 825 316 884 patres,
335 803 451 875 addito,
464 806 670 864 consultandum
688 829 770 882 super

82 908 112 945 re
131 909 235 963 magna
260 882 286 944 ξ)
307 887 404 944 atroci.

125 966 240 1026 XXIX.
250 966 326 1025 Libo
333 967 462 1037 interim,
476 965 550 1026 veste
562 987 690 1040 mutata,
701 989 764 1030 cum

83 1048 256 1129 primoribus
271 1047 385 1108 feminis
395 1049 539 1108 circumire
553 1049 671 1121 domos,
687 1073 765 1112 orare

83 1127 194 1190 adfines
208 1175 220 1199 ,
249 1149 350 1189 vocem
373 1129 519 1190 adversum
546 1133 666 1211 pericula
694 1154 763 1211 pos-

84 1232 148 1270 cere
170 1235 176 1267 :
196 1211 385 1270 abnuentibus
403 1214 531 1282 cunllis,
554 1234 642 1292 quum
658 1213 765 1274 diversa

83 1292 304 1373 praetenderent,
330 1292 428 1351 eadem
454 1292 629 1363 formidine,
652 1294 697 1353 die
722 1317 765 1354 se·

83 1373 190 1445 natits,
215 1395 293 1434 meru
315 1383 342 1434 &
361 1373 527 1456 aegritudine
548 1366 658 1445 fessul,
686 1376 766 1448 sive,

83 1476 118 1516 ut
141 1455 283 1514 tradidere
308 1455 425 1536 quidam
442 1501 454 1524 ,
478 1455 611 1514 simulato
639 1455 766 1528 morbo,

83 1536 188 1596 lectica
206 1536 314 1597 delatus
336 1535 372 1596 ad
391 1536 464 1596 fores
483 1539 583 1606 curiae,
607 1539 769 1618 innisusque

85 1617 188 1690 fratri,
217 1628 244 1678 &
269 1639 369 1678 manus
395 1640 430 1677 ac
453 1615 588 1697 supplices
614 1637 697 1677 voces
731 1617 768 1679 ad

85 1697 240 1760 Tiberium
259 1699 392 1767 tendens,
413 1702 536 1774 immoto
552 1704 608 1778 ejus
621 1700 701 1759 vultu
719 1721 767 1759 ex-

86 1783 221 1861 cipitur:
249 1803 317 1840 mox
338 1781 448 1841 libellos
472 1789 499 1840 &
524 1784 649 1840 auctores
668 1783 768 1844 recitat

86 1862 204 1935 Caesar,
237 1865 277 1924 ita
304 1862 472 1937 moderans,
498 1883 535 1920 ne
562 1861 668 1934 lenire,
697 1884 769 1924 neve

86 1965 216 2025 asperare
235 1947 354 2004 crimina
370 1943 518 2004 videretur.

129 2026 228 2086 XXX.
251 2027 431 2086 Accesserant
456 2044 552 2102 praeter
577 2023 716 2082 Trionem
741 2033 769 2084 δε

86 2105 201 2169 Catum
227 2128 418 2176 accusatores,
438 2105 572 2164 Fonteius
599 2104 768 2186 Aggrippa,

86 2200 118 2252 &
138 2190 178 2252 C.
198 2190 320 2261 Vibius,
345 2187 546 2267 certabantque
565 2186 669 2264 cuijus
688 2206 769 2264 pero-

85 2271 173 2333 randi
199 2272 229 2330 in
251 2291 329 2330 reum
352 2270 463 2330 daretur
491 2292 498 2325 z
524 2267 614 2328 donec
644 2267 769 2339 Vibius,

87 2355 158 2434 quia
191 2374 243 2412 nec
270 2354 323 2432 ipsi
349 2353 421 2412 inter
448 2372 476 2411 se
506 2348 714 2420 concederent,
742 2359 771 2410 ὃ(

86 2437 168 2496 Libo
190 2437 250 2496 sine
273 2454 393 2513 patrono
417 2433 577 2502 introisset,
602 2433 769 2514 singillatim

88 2538 118 2577 se
138 2517 260 2576 crimina
278 2515 454 2594 objeciurum
476 2512 630 2593 professus,
653 2513 769 2591 protulit

87 2599 204 2658 libellos
231 2596 362 2658 vecordes
388 2595 483 2665 adeo,
516 2614 548 2654 ut
572 2593 770 2652 consultaverit

88 2681 186 2751 Libo,
210 2703 246 2738 an
265 2678 406 2738 habiturus
414 2679 490 2756 foret
510 2698 593 2750 opes,
612 2677 672 2750 quis
692 2674 770 2734 viam

88 2762 216 2840 Appiam
228 2761 411 2824 Brundisium
425 2780 505 2836 usquc
514 2756 632 2834 pecunici
642 2757 766 2830 operiret.
