2075 3659
252 250 501 323 AuuArruM
525 255 612 322 Lm.
637 256 668 324 I.
741 276 783 346 45

116 372 232 454 sanguis
250 376 366 453 palam3
389 396 470 435 causa
489 377 519 433 in
536 375 650 433 occulto
673 398 680 429 ι
701 395 792 435 cetera

117 452 176 514 fors
193 456 284 537 regit:
301 464 327 515 &
341 456 458 535 quidam
471 456 613 513 bonorum
627 456 706 523 caesi,
721 454 795 534 post-

115 556 223 615 quam,
236 536 377 597 iutelledlo
389 539 419 595 in
430 558 500 616 quos
511 538 668 605 saeviretur,
680 538 794 615 pessimi

114 636 231 697 quoque
253 638 331 677 arma
355 637 502 697 rapuerant
530 641 536 673 :
562 637 653 696 neque
682 617 794 699 legatus

114 718 166 757 aut
185 696 311 757 tribunus
335 698 497 758 moderator
523 696 640 766 adfuir3
661 699 794 776 permissa

114 778 205 860 vulgo
225 780 338 839 licentia
357 800 441 859 atque
455 778 527 837 ultio
545 786 572 838 dc
586 779 706 838 satietas.
720 778 795 839 Mox

116 860 256 941 ingressus
280 858 367 919 castra
391 860 598 929 Germanicus,
622 882 676 918 non
705 862 793 919 medi·

105 942 212 1000 'cinam
238 941 310 1000 illud
331 940 456 1020 plurimis
483 962 547 999 cum
571 939 725 1020 lacrymis,
746 945 797 1003 scd

116 1016 223 1081 cladem
249 1020 412 1102 appellans,
438 1022 553 1082 cremari
572 1043 682 1095 corpora
704 1022 793 1101 jubet.

116 1100 226 1162 Truces
251 1104 416 1163 etiamtum
437 1105 548 1163 animos
566 1101 669 1180 cupido
685 1104 796 1165 involat

117 1183 205 1243 eundi
224 1186 254 1243 in
275 1182 407 1256 hostem,
428 1184 569 1263 piaculum
591 1182 715 1243 furoris:
742 1206 795 1243 nec

115 1264 200 1325 aliter
231 1286 309 1345 posse
334 1266 439 1345 placari
471 1265 700 1325 commilitonum
727 1286 794 1325 ma·

116 1348 194 1415 ries,
222 1344 308 1427 quim
331 1348 355 1407 si
377 1346 536 1425 pectoribus
559 1347 653 1425 impiis
679 1343 797 1409 honesta
829 1411 834 1419 ,

116 1428 235 1486 vulnera
254 1429 430 1507 accepissent.
448 1427 579 1507 Sequitur
598 1426 725 1485 ardorem
740 1430 796 1486 mi-

117 1508 203 1569 litum
231 1507 352 1577 Cacsar,
378 1512 531 1588 junctoque
554 1528 640 1586 ponte
664 1510 797 1569 tramittit

120 1588 274 1667 duodecim
292 1590 381 1648 millia
397 1610 411 1647 e
426 1588 614 1671 legionibus,
637 1609 684 1649 sex
705 1598 733 1648 δι
752 1592 797 1650 vi·

121 1672 196 1753 giuti
216 1673 306 1731 socias
325 1668 471 1739 cohortes,
491 1673 558 1729 odio
575 1672 702 1750 equitum
720 1671 796 1741 alas,

121 1773 242 1831 quarum
262 1773 294 1811 ea
319 1750 454 1814 seditione
475 1753 641 1811 intemerata
659 1750 797 1815 modestia

119 1832 185 1893 fuit.

161 1915 196 1974 L.
220 1916 398 1996 Latineque
422 1914 519 1995 procul
540 1914 714 1975 Germania
736 1915 794 1975 ita-

121 1994 213 2065 bant,
226 1996 293 2055 dum
307 1994 412 2076 justitio
423 1996 462 2054 ob
475 1996 609 2054 amissum
622 1934 797 2077 Augulimn,

121 2074 187 2158 prist
212 2077 357 2137 discordiis
383 2080 543 2137 attinemur.
578 2077 619 2135 At
650 2076 797 2137 Romanus

121 2158 240 2243 agmine
255 2179 372 2238 propero
383 2158 482 2217 silvam
501 2156 622 2217 Caesiam
634 2202 646 2226 ,
662 2156 797 2217 limitem-

121 2262 180 2321 que
200 2264 217 2299 a
239 2240 356 2299 Tiberio
378 2259 501 2319 coeptum
515 2236 616 2299 scindit
637 2262 644 2295 t
664 2236 749 2299 castra
766 2243 797 2301 in

121 2322 216 2385 limite
237 2322 339 2381 locat:
364 2320 487 2381 frontem
508 2341 542 2379 ac
564 2340 673 2402 tergum
690 2321 797 2392 uallo,

121 2403 213 2462 latera
247 2400 420 2463 concaedibus
451 2403 584 2461 munitus.
610 2400 680 2461 lnde
713 2402 798 2461 saltus

122 2482 258 2545 obscuros
279 2504 417 2563 permeat,
433 2484 627 2562 consultatque
646 2505 680 2541 ex
696 2483 798 2541 dubus

122 2565 290 2635 itineribus,
313 2565 391 2624 breve
414 2560 440 2623 d?
461 2564 574 2622 solitum
592 2582 738 2641 sequutum
761 2585 799 2621 art

122 2648 284 2719 impeditius
310 2642 336 2704 e
363 2646 554 2713 intentatum,
580 2641 660 2719 edque
682 2642 799 2723 hostibus

122 2729 273 2791 incautum.
305 2726 423 2791 Deleda
452 2724 581 2809 longiore
612 2726 659 2785 via
672 2769 684 2793 ,
708 2743 798 2789 cetera
