2075 3659
198 273 449 345 Annamatia
473 274 558 345 Lan.
587 273 651 346 VI.
702 283 771 368 289

79 396 201 458 secute
212 393 313 456 dehinc
323 394 434 454 Tiberii
446 395 543 456 litterae
556 398 585 456 in
601 397 664 460 Sex.
676 399 773 460 Vesti-

79 480 192 548 lium,
223 479 406 558 pretorium,
440 498 545 558 quem,
569 477 664 539 Druso
694 478 773 542 fratri
844 541 846 546 .

79 579 261 641 percarum,
277 560 308 617 in
322 556 468 618 cohortem
483 580 563 619 suam
576 558 749 622 transtulerat
766 584 775 622 t

82 661 179 700 causa
196 636 364 699 offensionis
385 638 507 700 Vestilio
525 640 580 712 fuit
597 665 603 698 t
623 663 671 702 seu
693 663 777 703 com-

83 740 226 804 posuerat
238 720 368 802 quaedam
381 723 411 781 in
430 720 468 782 C.
486 721 645 795 Caesarerrt,
663 743 694 783 ut
712 725 776 784 irn-

84 801 254 885 pudicum‚
275 804 333 862 sive
355 800 422 863 ficio
441 799 539 863 habita
562 801 631 865 fides
655 828 663 862 ε
690 821 778 888 arque

85 884 137 944 ob
150 883 180 942 id
193 885 324 943 convictu
338 885 469 963 principis
484 881 665 965 prohibitus,
686 907 777 968 quum

85 965 180 1026 senili
198 986 286 1024 manu
304 963 409 1024 ferrum
431 967 615 1042 tentavisset,
633 967 778 1052 obligavit

84 1067 183 1107 venas
200 1069 207 1104 ε
223 1065 403 1128 precatusque
418 1048 466 1127 per
481 1047 648 1119 codicillos,
666 1051 776 1112 immiti

85 1128 255 1207 rescripto,
288 1149 374 1188 'renas
398 1129 521 1189 resolvit.
550 1130 713 1190 Acervatim
739 1153 777 1192 ex

84 1231 133 1268 eo
149 1209 258 1268 Annius
271 1207 383 1280 Pollio,
398 1212 506 1290 Appius
520 1209 649 1282 Silanus,
668 1212 777 1273 Scauro

85 1286 246 1351 Mamerco
262 1290 394 1350 simulac
412 1291 521 1350 Sabino
539 1289 688 1363 Calvisio,
707 1314 775 1354 ma·

83 1369 202 1454 jestatis
256 1367 408 1442 stulantur,
424 1380 452 1431 &
469 1371 639 1431 Vinicianus
651 1372 779 1446 Pollioni

85 1453 172 1536 patri
189 1391 386 1534 alliciebatur,
409 1453 477 1529 clati
494 1471 599 1536 genus,
613 1461 641 1512 &
658 1454 778 1534 quidam

85 1535 216 1596 summis
256 1531 411 1594 honoribus
451 1557 459 1591 t
496 1551 779 1618 contremuerantque

84 1635 217 1698 patres:
240 1636 308 1676 nam
335 1634 437 1696 quotus
457 1615 575 1696 quisque
601 1613 780 1692 adfinitatis,

85 1715 150 1758 aut
169 1697 300 1756 amicitiae
317 1715 360 1755 tot
377 1693 533 1755 inlustrium
553 1697 697 1768 virorum,
722 1720 776 1758 erq

109 1784 258 1838 exserat?
278 1779 309 1837 ni
324 1775 428 1838 ‘Celsus
443 1778 561 1859 ‘urbanae
583 1775 705 1838 cohortis
727 1783 779 1840 tri-

64 1801 215 1931 =burrus,
245 1877 306 1918 turn
331 1860 403 1918 inter
431 1858 557 1929 indices,
589 1860 716 1938 Appium
748 1871 777 1924 8ο

90 1941 262 2003 Calvisium
272 1940 427 1999 discrimini
438 1943 593 1999 exemisset.
606 1939 703 2000 Caesar
713 1942 779 2002 Pol

90 2023 206 2094 lionis,
232 2041 265 2080 ac
289 2021 438 2080 Viniciani
466 2021 563 2080 Scauri
583 2039 617 2077 ue
646 2040 782 2096 causam,

91 2125 127 2164 ut
143 2107 205 2185 ipse
221 2122 286 2160 cum
303 2119 401 2160 senatu
412 2120 552 2170 nosceret,
564 2041 692 2172 iniuria
705 2101 781 2168 datie

91 2181 273 2268 quibusdam
283 2183 313 2241 in
325 2181 459 2274 Scaurum
471 2180 591 2254 tristibus
603 2183 686 2242 notis.

137 2266 182 2326 X.
203 2263 251 2324 Ne
277 2262 389 2322 femine
416 2264 532 2344 quidem
552 2282 672 2324 exsortes
705 2269 780 2348 peri«,

73 2349 187 2407 culi:
210 2366 266 2427 qua
295 2344 465 2424 occupanda
485 2345 593 2426 reipub.
615 2347 696 2430 argui
718 2371 780 2412 non

95 2446 253 2509 poterant,
275 2426 308 2486 ob
326 2429 462 2509 lacrymas
478 2427 676 2488 incusabantur
698 2451 706 2485 ε
728 2452 781 2491 ne·

97 2529 223 2590 sataque
240 2505 280 2566 est
291 2529 360 2567 anus
370 2507 467 2579 Vitia,
481 2507 554 2566 Fufii
567 2507 685 2568 Gemini
710 2532 779 2572 ma-

97 2610 167 2661 ter,
189 2585 267 2670 qubd
286 2587 339 2647 filii
353 2602 452 2648 ne'cem
471 2591 598 2650 flevisset.
616 2588 687 2648 Hac
704 2589 781 2670 apud

95 2690 232 2730 senatum
249 2693 255 2729 ι
274 2691 326 2730 nec
346 2689 423 2730 secus
442 2668 523 2751 apud‘
537 2670 691 2751 principem
707 2674 781 2733 Ves-

96 2753 233 2895 czuiariusl
250 2752 378 2828 Atticus,
405 2773 438 2818 ac
468 2751 558 2818 Julius
587 2751 717 2896 Mffiinus
743 2752 781 2818 acl

134 2855 190 2898 oms
230 2875 240 2900 s
