2075 3659
228 270 476 348 AttuArruur
497 279 583 349 Itu.
612 279 676 350 VI.
730 305 795 374 325

121 395 220 470 fixus,
237 422 256 458 a
276 420 386 459 summa
400 420 468 479 spe,
488 401 642 461 novissima
661 406 804 482 exspeiia-

10 511 14 544 2
125 479 180 538 bar
198 503 205 536 z
221 481 322 539 Macro
341 481 494 561 intrepidus
511 483 629 556 opprimi
648 505 739 542 senem
758 486 800 542 in·

10 591 25 626 :.
114 561 196 644 jec‘iu
216 562 305 620 nutltae
323 563 405 642 vestis
422 562 521 640 jubet„
535 563 686 640 discedique
706 565 739 622 ab
760 565 808 624 li··'

123 641 209 700 ntiae.
228 641 274 701 Sic
292 640 423 702 Tiberius
435 641 548 714 finivit,
568 647 671 706 oiiovo
692 652 720 704 &
735 665 803 726 sep·

122 738 286 861 mapesrmo
305 742 393 784 aetatrs
410 745 496 784 anno.

195 803 217 862 I.
239 803 321 862 Pater
340 806 368 864 ei
387 804 488 877 Nero,
509 813 537 865 &
560 805 700 887 utrimque
720 808 806 891 origo

124 885 219 966 gentis
236 884 382 956 Claudiae,
403 893 578 966 quamquam
597 907 686 946 mater
703 889 733 946 in
752 889 805 948 Li-

122 966 225 1036 viam,
245 974 273 1026 δι
287 987 355 1024 mox
373 968 477 1027 Julium
495 967 655 1038 familiam,
675 968 806 1048 adoptio·

125 1045 212 1105 nibus
230 1049 375 1106 transierit.
402 1048 493 1109 Casus
513 1051 604 1129 prima
624 1049 660 1108 ab
680 1049 802 1112 infantia

125 1129 264 1206 ancipites
286 1149 377 1187 :nam
399 1132 582 1210 proscriptum
620 1149 706 1190 atrem
726 1133 806 1192 exsui

122 1227 252 1279 secutus,
279 1210 331 1268 ubi
358 1209 476 1269 domum
505 1151 626 1294 Auguiii
655 1213 803 1294 privignus-

120 1290 251 1359 introiit,
279 1291 373 1350 multis
399 1291 506 1350 aemuiis
533 1293 706 1350 confli&ams
736 1291 774 1350 est
786 1339 797 1365 ,

121 1368 196 1429 dum
212 1371 381 1441 Marceilus,
403 1381 431 1432 &
450 1374 596 1454 Agrippa,
617 1393 685 1432 mox
708 1370 800 1433 Caius

119 1451 282 1532 Luciusque
300 1452 424 1513 Caesares
441 1455 555 1536 viguere
577 1476 583 1509 :
607 1455 691 1512 etiam
713 1451 797 1512 frater

117 1537 183 1612 ejus
211 1534 317 1593 Drusus
348 1535 518 1614 prosperiore
557 1534 661 1593 civium
701 1554 797 1596 amore

119 1634 192 1692 erat
209 1614 264 1675 Sed
277 1617 401 1674 maxime
418 1617 448 1674 in
459 1615 571 1675 lubrico
589 1617 664 1698 egit,
682 1614 796 1696 accepti

117 1697 154 1754 in
163 1699 374 1756 matrimonium
387 1694 476 1769 iulii,
486 1695 691 1776 impudicitiam
704 1700 799 1758 uxoris

118 1777 243 1838 tolerans
271 1797 319 1839 aut
344 1778 493 1839 declinans.
518 1779 596 1839 Dein
622 1776 728 1838 Rhodo
751 1800 795 1838 te-

157 1881 259 1929 essus,
292 1881 396 1928 vacuos
419 1861 550 1940 principis
583 1877 695 1938 penates
721 1859 795 1918 duo-

117 1879 215 2001 ἐξείπῃ
234 1943 330 2010 annis,
352 1942 473 1999 morrei
491 1941 628 2009 Romame
648 1940 796 1999 arbitrium

116 2023 210 2082 tribus
237 2020 341 2090 ferme,
366 2031 393 2080 &
406 2022 510 2158 viprnti
531 2019 661 2078 obtinuit.
677 2021 797 2082 Morum

116 2122 238 2183 quoque
262 2120 389 2180 tempora
415 2103 435 2159 il
482 2101 588 2160 diversa
615 2122 621 2156 ι
650 2103 796 2184 egregium

29 2246 31 2251 ,
114 2181 182 2245 viti
202 2180 347 2263 famique,
386 2182 460 2241 uoad
478 2183 617 2262 privatus,
634 2183 680 2242 vei
697 2184 726 2242 in
741 2185 794 2242 inr-

116 2265 203 2346 periis
217 2263 267 2323 sub
283 2204 410 2347 Auguio
428 2261 483 2323 fuit
499 2289 505 2321 :
519 2263 661 2323 occultum
679 2285 711 2322 ac
730 2264 794 2322 sub-

117 2345 220 2405 dolum
249 2343 389 2428 fingendis
412 2345 581 2416 virtutibus,
604 2343 692 2404 donec
713 2345 792 2406 Ger-

117 2429 248 2487 manicus
263 2449 296 2486 ac
311 2427 417 2488 Drusus
433 2426 587 2507 superfuere
605 2426 702 2486 :idem
721 2427 797 2486 inter-

118 2508 199 2567 bona
217 2508 349 2588 malaque
371 2511 493 2576 mixtus,
513 2508 651 2566 incolumi
672 2525 760 2566 matre
780 2530 795 2564 t

122 2587 795 2660 intestabiiissaevitii‚sedobtestisltbrdrmbus,

121 2671 190 2732 dum
206 2671 339 2752 Sejanutn
355 2670 472 2742 dilexit,
488 2671 618 2730 timuitve
633 2692 641 2726 ι
654 2665 799 2751 postremi>
