2075 3659
205 301 463 377 Asnmnm.
488 308 574 377 Lm.
599 308 669 378 W.
721 332 789 401 255

111 427 225 489 divina
241 424 267 487 ἃ
288 428 347 503 ipse
355 428 463 509 stirpe,
479 429 543 489 sive
558 450 614 487 urta
628 426 803 513 Amazonum

30 541 32 543 ·
112 509 293 569 condidisset
306 554 318 578 ,
352 508 544 569 transcendite
576 508 612 569 ad
648 530 710 581 ea,
741 514 805 591 quis

118 587 807 671 maximtfidebantinpopulumRomanumoffi·

117 673 194 741 ciis,
212 668 297 729 missi
315 671 410 731 navali
434 668 537 751 cupii,
559 694 619 732 non
640 671 730 732 modi)
749 694 803 731 ex-

119 772 206 812 terna
226 750 262 811 ad
280 751 375 824 bella,
399 751 446 811 sed
468 774 530 833 quae
548 755 579 813 in
593 754 677 813 ltalia
694 754 803 813 soten-

118 833 230 892 bantur
247 856 254 889 :
271 854 349 909 seque
359 836 465 907 primos
482 836 610 908 templum
623 835 697 895 urbis
711 834 806 896 Romae

113 915 272 997 statuisse,
289 914 337 972 Μ.
355 914 456 974 Porcio
474 917 603 987 romule,
618 917 727 995 mugnis
745 917 806 993 qui·

121 998 189 1055 dem
203 997 268 1077 jam
288 996 385 1071 populi
413 994 536 1055 Romani
561 998 660 1067 rebus,
686 1001 806 1057 nondum

121 1095 220 1137 tamen
237 1080 275 1135 ad
284 1099 417 1136 summum
432 1078 532 1148 elatis,
540 1079 630 1159 stante
648 1078 735 1138 adhue
746 1077 805 1139 Pu·

121 1158 193 1217 nica
216 1156 293 1228 urbs,
312 1155 338 1217 Cr
357 1158 462 1219 ualidis
480 1182 533 1234 per
546 1159 650 1219 Asiam
669 1160 774 1239 regibus
794 1184 805 1221 t

119 1238 211 1299 simul
235 1239 268 1299 L·
290 1237 398 1299 Sullam
419 1242 508 1321 testem
527 1238 714 1311 adferebant,
737 1264 805 1319 gra·

120 1320 247 1384 vissimo
259 1321 289 1379 in
306 1321 464 1379 discrimine
480 1321 629 1391 exercitiis,
651 1321 684 1380 ob
701 1324 809 1395 asperi·

120 1420 213 1463 tatem
229 1401 348 1471 hiemis,
366 1399 393 1461 ἃ
404 1403 550 1475 penuriam
562 1403 643 1482 vestis
655 1414 759 1479 ,pssum
774 1404 808 1463 id

120 1481 275 1562 Smymam
297 1483 328 1541 in
349 1482 503 1542 concionem
531 1482 689 1541 nuntiatum
706 1484 805 1561 soret,

122 1586 238 1635 omnes,
248 1564 295 1640 qui
304 1564 462 1645 adstabant,
472 1564 626 1623 detruxisse
633 1565 740 1638 soepon‘
749 1582 809 1642 teg·

125 1645 225 1715 mina,
240 1644 385 1726 nostrisque
398 1644 551 1724 legionibus
564 1645 687 1705 misisse.
700 1644 744 1705 Ita
761 1666 808 1704 to-

124 1729 189 1811 gati
221 1728 386 1785 sententiam
410 1745 526 1807 patres,
551 1726 710 1807 Smyrnaeus
739 1748 806 1807 ptae·

124 1808 223 1867 tulere.
244 1806 416 1889 Censuitque
441 1807 545 1867 Vibius
571 1808 684 1868 Marsus
703 1826 733 1866 ut
755 1808 804 1869 M.

123 1890 246 1963 Lepido,
267 1890 312 1949 cui
330 1913 362 1950 ea
378 1891 527 1963 prouincia
541 1889 707 1957 obvenerat,
724 1909 807 1963 super

83 2028 90 2038 ,
125 1968 266 2030 numerum
285 1972 437 2049 legaretur,
452 1971 499 2045 qui
517 1970 613 2042 templi
630 1990 721 2027 curam
740 1992 807 2029 sus·

125 2052 227 2125 ciperet
241 2077 251 2110 .·
267 2060 295 2111 &
314 2052 381 2131 quia
402 2048 523 2129 Lepidus
541 2050 599 2128 ipse
620 2048 742 2189 dalilpete
757 2068 807 2129 pes

127 2130 298 2191 modestiam
323 2131 482 2200 abnuebat,
507 2129 639 2189 Valerius
697 2150 768 2199 aso,
790 2150 808 2190 e

129 2214 285 2297 praetoriis,
307 2231 378 2271 sorte
395 2214 493 2271 missus
505 2208 552 2269 est.

140 2348 145 2355 .
170 2294 265 2355 LVII.
282 2294 358 2353 Intet
369 2314 450 2375 quae,
471 2291 524 2351 diu
539 2291 695 2363 meditato,
716 2294 807 2373 prola·

118 2380 221 2457 *toque
247 2376 343 2455 saepius
365 2375 503 2446 consilio,
522 2374 636 2434 tandem
661 2374 757 2435 Caesat
774 2377 807 2435 in

128 2456 350 2537 Campaniam,
381 2458 471 2537 specie
502 2454 654 2516 dedicandi
679 2457 805 2535 tempis,

127 2537 204 2618 apud
215 2536 348 2617 Capuam
357 2538 372 2597 J
375 2539 438 2609 ovi,
451 2537 526 2615 apud
534 2536 643 2596 Nolam
654 2534 785 2619 Augusto
792 2580 804 2607 ,

127 2620 177 2681 sed
208 2638 294 2679 certus
307 2618 417 2698 'procul
443 2620 511 2676 utbe
535 2616 644 2699 degere„
677 2616 804 2677 Causam

128 2698 298 2772 abscessits,
326 2718 499 2779 quamquam
533 2716 639 2757 secutus
669 2698 804 2775 plurimos

127 2786 276 2845 audinum
306 2781 344 2843 ad
375 2782 470 2862 Sejani
496 2799 566 2841 artes
595 2779 707 2851 tetuii3
736 2780 804 2861 quia
