2075 3659
238 309 305 393 198
365 304 404 373 C.
434 304 581 372 Coun.
613 302 797 370 Tacm

241 429 302 503 ejus
329 422 386 486 deae
409 424 500 483 multa
522 424 553 483 in
579 421 668 494 urbe,
689 422 800 482 nullum
823 442 930 485 tamen

241 506 292 567 tali
330 524 526 590 cognomento
557 524 616 565 erat
647 528 654 561 :
684 525 826 585 repertum
862 504 931 576 est,

242 587 332 649 adem
354 608 411 649 esse
431 584 505 667 apud
517 587 655 657 Antium,
675 608 736 667 qua
753 588 793 645 sic
811 609 933 647 nuncu-

213 692 217 698 ’
241 690 369 750 paretur,
389 676 547 747 cannasque
564 670 735 729 cerimonias
755 669 879 728 Italicis
902 672 933 731 in

242 753 377 827 oppidis,
400 752 572 829 templaque,
593 746 781 811 &numinum
802 751 933 831 effigies,

234 834 314 915 juris
328 834 527 911 atque‘imperii
536 832 661 891 Romani
671 854 731 893 esse
742 832 802 891 :ita
813 831 934 893 donum

244 913 320 995 apud
341 917 462 977 Antium
480 912 617 974 statuitur.
634 914 675 973 Et
690 912 805 995 quando
823 914 867 973 de
888 936 936 975 re·

242 996 400 1080 ligionibus
421 996 611 1065 tractabatur,
631 995 752 1055 dilatum
767 1016 862 1075 nuper
877 1018 937 1057 res·

243 1098 366 1159 ponsum
382 1078 511 1139 adversus
529 1079 657 1139 Servium
672 1078 935 1149 Maluoinensem,

244 1160 390 1220 flaminem
418 1160 556 1231 Dialem,
577 1161 715 1240 prompsit
768 1180 858 1230 aesar3
882 1182 935 1219 re-

244 1242 401 1324 citavitque
423 1242 567 1304 decretum
586 1238 775 1323 pontificum:
801 1244 938 1319 quotiens

178 1362 180 1367 ·
245 1326 375 1385 ualetudo
398 1329 515 1387 adversa
533 1326 678 1402 flaminem
697 1324 814 1381 Dialem
833 1324 938 1385 inces-

245 1407 349 1479 sisset,
369 1428 399 1467 ιιι
407 1407 551 1487 pontificis
566 1406 685 1465 maximi
698 1406 831 1475 arbitrio,
843 1408 939 1479 plm-

246 1512 327 1565 quam
341 1490 486 1549 binollium
501 1489 606 1548 abesset
620 1512 630 1547 .·
644 1492 707 1548 dum
721 1512 755 1547 ne
767 1487 863 1546 diebus
877 1512 939 1562 pu·

247 1570 316 1628 blici
330 1572 479 1651 sacrificii,
492 1592 542 1630 neu
551 1571 651 1645 sapius
663 1568 743 1647 quiam
754 1570 797 1627 bis
807 1573 940 1630 eumdem

247 1652 279 1710 in
298 1676 408 1713 annum.
429 1654 514 1729 Quae,
539 1653 663 1733 principe
683 1648 830 1735 Augusto,
847 1672 940 1712 cons-

249 1735 352 1803 tituta,
372 1736 439 1795 satis
459 1732 663 1803 ostendebant,
684 1754 809 1793 annuam
828 1732 941 1794 absen-

249 1816 340 1887 tiam,
365 1824 393 1875 &
419 1817 628 1895 provinciarum
655 1813 943 1876 administrationem

247 1894 382 1957 Dialibus
405 1919 463 1957 non
488 1897 608 1957 concedi
632 1922 640 1954 ε
664 1898 944 1978 memorabaturque

250 1978 285 2039 L.
298 1979 427 2049 Metelli,
443 1978 586 2059 pontificis
597 1981 736 2048 maximi,
748 1979 919 2059 exemplum
927 2027 942 2050 ,

251 2063 302 2141 qui
320 2062 426 2120 Aulum
452 2059 628 2121 Postumium
640 2108 652 2131 ,
677 2063 841 2130 flaminem,
861 2064 944 2121 atti-

251 2144 365 2203 nuisset.
378 2144 422 2203 Ita
434 2164 491 2203 sors
504 2144 578 2203 Asiae
592 2146 623 2203 in
638 2164 720 2213 eum,
739 2146 791 2223 qui
802 2143 942 2203 consula·
977 2188 980 2192 -

251 2225 326 2283 rium
344 2226 539 2307 Maluginensi
550 2228 695 2305 proximus
711 2244 790 2295 erat,
807 2223 941 2287 conlata.

293 2304 415 2364 LXXII.
443 2306 548 2365 Iisdem
567 2307 664 2365 diebus
686 2306 810 2386 Lepidus
835 2305 872 2365 ab
892 2328 944 2365 se-

253 2405 323 2445 natu
344 2387 459 2465 petiuit,
474 2405 503 2445 ut
521 2388 666 2448 basilicam
683 2388 799 2458 Paulli,
812 2388 945 2447 AEmilia
1030 2392 1032 2429 ³

254 2487 444 2539 monumenta,
458 2471 574 2544 proprii
585 2470 702 2545 paeanii
711 2470 841 2548 firmaret
858 2491 945 2529 orna·

257 2569 345 2628 necque
367 2574 377 2608 :
402 2570 461 2611 etat
479 2552 567 2611 etiam
587 2572 650 2612 tum
672 2554 703 2611 in
719 2572 801 2609 more
821 2550 945 2631 publica

256 2630 449 2693 munificentia
465 2656 471 2691 ε
485 2654 536 2693 nec
549 2632 691 2715 Augustus
705 2653 832 2692 arcuerat
849 2632 942 2691 Tau-

256 2736 337 2786 tum,
358 2712 520 2795 Philippum
539 2761 549 2783 ,
569 2715 711 2786 Balbum,
730 2711 845 2773 hostiles
863 2734 941 2773 exu-

255 2798 341 2867 vias,
366 2818 415 2859 aut
440 2796 606 2859 exundantis
629 2815 720 2879 opes,
739 2816 876 2859 ornatum
899 2793 943 2857 ad
