2075 3659
255 296 329 375 {164
380 288 417 381 C‚
446 288 595 357 coitu.
626 288 810 355 TAczrr

255 408 359 481 viros,
391 410 501 488 aliaque
523 406 562 464 ob
586 424 695 485 prava,
717 426 765 485 per
786 406 847 464 vim
868 403 928 466 iatae

255 508 329 549 suut.
344 488 421 553 Hinc
433 485 580 557 Gracchi,
602 496 630 547 δι
647 487 812 555 Saturnini,
836 488 928 546 turba·

258 588 332 629 tores
348 571 458 649 plebis3
477 590 529 627 nec
548 568 642 625 minor
660 568 798 649 largitor,
815 570 930 626 nomine

257 648 389 721 senatis,
409 650 514 709 Drusus
530 672 539 719 3
564 651 686 727 corrupti
706 668 772 725 spe,
788 648 929 709 anemius

258 750 307 811 per
324 732 551 791 intercessionem
564 731 642 789 socii.
662 730 707 789 Ac
725 749 761 787 ne
780 728 858 787 bello
872 732 928 809 qui·

260 811 326 870 dem
346 812 446 873 Italico
461 825 479 883 ,’
496 832 564 874 mox
588 810 666 868 civili
686 811 842 878 omissum,
865 812 929 890 quin

252 886 351 953 ‚inulta
381 903 408 953 &
437 894 544 955 diversa
566 894 765 959 sciscerentur3
787 889 878 949 donec
897 892 928 951 L.

261 974 339 1032 Sulla
356 972 495 1045 dictator,
511 973 625 1031 abolitis
637 973 682 1030 vel
694 973 836 1031 conversis
853 973 926 1050 prio-

261 1054 357 1123 ribus,
372 1076 459 1133 quum
480 1055 558 1133 plura
573 1052 745 1122 addidisset,
766 1053 859 1111 otium
876 1058 928 1131 ejus

261 1136 303 1193 rei
313 1131 389 1193 haud
399 1137 429 1193 in
443 1135 562 1217 longum
572 1134 699 1213 paravit3
712 1132 808 1191 statim
819 1134 929 1193 turbidis

263 1214 365 1293 Lepidi
397 1217 619 1298 rogationibus,
643 1235 735 1293 neque
758 1210 854 1273 multd'
874 1212 928 1293 pdst

262 1292 398 1355 Tribunis
408 1294 516 1357 redditi
527 1292 655 1365 licentii,
664 1304 794 1375 [quoquo
811 1296 926 1366 vellent,

265 1378 401 1457 populum
423 1377 559 1461 agitandi.
582 1378 702 1455 Jamque
721 1397 779 1435 non
796 1374 927 1449 meddin

201 1510 205 1513 .
265 1478 417 1517 commune
428 1504 437 1531 ,
461 1458 509 1519 sed
526 1461 556 1517 in
576 1457 701 1538 singulos
724 1454 854 1515 homines
873 1458 927 1516 latae

266 1538 429 1617 quaestiones
445 1564 452 1599 τ
471 1550 498 1601 &
516 1534 724 1618 corruptissimi
744 1536 850 1618 tepubi
872 1538 928 1619 plu·

182 1659 184 1663 -
265 1622 342 1679 rimae
363 1621 446 1700 leges.
657 1671 661 1677 ,

307 1696 448 1763 XXVIII.
471 1701 549 1761 Tum
572 1700 631 1762 Cn.
652 1697 804 1781 Pompeius
826 1697 927 1760 tertidm

236 1834 237 1839 ,
267 1780 366 1843 consul
383 1786 488 1850 „torri
509 1782 588 1843 endis
606 1784 732 1841 moribus
751 1782 885 1853 delectus,
904 1789 928 1840 dc

268 1863 381 1945 gravior
406 1805 564 1933 remediis,
591 1862 678 1944 quim
704 1863 807 1923 delicia
832 1882 928 1931 erant,

265 1946 640 2029 suarumqueiegumaucior
653 1944 729 2005 idem
738 1966 771 2005 ac
781 1944 929 2011 subversor,
1011 1995 1012 2000 ,

269 2046 331 2106 quae
353 2028 436 2087 armis
460 2028 612 2096 tuebatur,
630 2026 714 2084 armis
737 2025 842 2084 amisit.
864 2022 929 2083 Exin
1011 2079 1012 2090 ,

269 2108 404 2167 continua
416 2128 464 2187 per
479 2110 583 2191 viginti
594 2128 684 2167 annos
698 2105 836 2165 discordia
851 2127 858 2162 ε
878 2125 929 2163 nou
1011 2105 1012 2168 i

270 2208 352 2257 mos,
366 2210 423 2246 non
433 2195 474 2269 jus
489 2212 495 2246 :
517 2188 665 2249 deterrima
679 2206 795 2268 quaeque
808 2190 928 2266 impune,
1011 2189 1012 2216 ³

270 2288 304 2326 ac
328 2269 417 2327 multa
437 2266 553 2329 honesta
579 2271 665 2329 exitio
688 2268 774 2329 fuere.
789 2265 929 2329 Sextodc-
1011 2279 1012 2326 ἶ

270 2369 351 2407 mum
379 2350 525 2409 consulatu
550 2350 646 2411 Caesar
677 2349 850 2432 Augustis,
880 2368 929 2427 po·

272 2431 366 2490 rentiae
379 2451 508 2501 securus,
532 2452 593 2513 quae
613 2434 790 2493 triumviratu
806 2436 930 2510 jusserat,

272 2512 397 2571 abolevit
416 2534 422 2568 ε
442 2512 574 2595 deditque
584 2519 661 2592 iura,
674 2514 736 2593 quis
747 2521 854 2592 pace&
865 2511 933 2590 ptin-
1011 2511 1012 2524 ¹

272 2596 334 2672 cipe
354 2613 491 2655 uteremur
513 2618 519 2653 :
546 2598 651 2653 acriora
673 2615 707 2653 ex
722 2613 756 2652 eo
773 2593 879 2661 vincla,
894 2591 934 2655 '111⁴

274 2674 327 2733 diti
343 2673 483 2746 custodes,
505 2685 532 2735 &
550 2676 612 2756 lege
628 2673 715 2752 Papia
733 2671 853 2753 Poppaed
868 2689 932 2750 prae·

274 2758 338 2817 miis
359 2756 485 2842 inducti!
502 2776 552 2828 ut,
567 2759 592 2819 si
604 2779 621 2819 a
634 2756 787 2839 privilegiis
797 2766 933 2837 pareutum
