2075 3659
154 373 156 376 .
228 310 664 382 Annarwncrn.11.
718 336 784 404 139

104 450 177 493 nam
196 434 319 499 cundia,
340 432 427 491 etiarn
451 430 590 503 fortuita,
610 431 647 492 ad
667 434 787 517 gloriam

105 512 247 573 vertebat.
277 511 334 571 Sed
355 513 461 593 populo
484 514 535 573 tali
558 516 588 573 in
612 534 739 596 tempore
758 517 788 576 id

105 616 223 675 quoque
251 593 378 653 dolorem
401 594 489 664 tulit3
517 614 665 677 tamquam
691 600 789 657 nudius

103 677 205 737 liberis
219 676 346 747 Drusus,
370 676 490 737 domum
510 676 675 739 Germanici
696 680 789 762 magis

105 776 227 841 urgeret.

110 884 114 890 .
150 837 304 899 LXXXV.
324 837 437 897 Eodem
455 860 532 899 anno
552 839 684 923 gravibus
702 858 787 899 sena-

106 918 154 981 tuis
185 920 303 979 decretis
324 919 416 979 libido
448 919 619 981 feminarum
643 920 789 993 coercita,

106 1021 301 1082 cautumque,
326 1024 360 1060 ne
385 1004 505 1083 quaestum
534 1025 640 1077 corpore
662 1002 788 1081 faceret,

106 1086 262 1152 cacianus,
281 1101 329 1141 aut
336 1102 431 1157 pater,
447 1102 495 1141 aut
507 1086 625 1143 maritus
635 1106 713 1161 eques
727 1082 788 1142 Ro-

105 1188 209 1224 manus
217 1165 325 1241 fuisset
338 1189 349 1223 .·
363 1186 429 1223 nam
445 1163 578 1236 Vistilia,
594 1163 721 1244 praetorii
737 1163 786 1223 fa-

105 1246 193 1305 milia
213 1247 330 1328 genita,
352 1246 496 1305 licentiam
519 1244 603 1325 stupri
626 1246 700 1325 apud
724 1247 789 1305 aedi-

106 1327 150 1389 les
181 1328 374 1410 vulgaverat3
406 1348 485 1386 more
512 1329 585 1388 inter
610 1347 718 1405 veteres
744 1347 789 1385 re-

104 1430 215 1488 cepto,
243 1411 291 1489 qui
313 1410 380 1469 satis
397 1430 543 1489 poenarum
566 1408 713 1468 adversum
736 1409 790 1467 irn-

104 1491 227 1572 pudicas
245 1492 275 1572 in
294 1492 355 1568 ipsa
375 1489 548 1571 professione
570 1491 672 1572 flagitii
693 1489 789 1549 crede-

106 1572 213 1633 bant:
242 1575 371 1631 exadium
394 1580 464 1631 &a
490 1570 604 1631 Titidio
632 1555 788 1649 Libeone,

106 1652 232 1714 Vistiliae
247 1655 370 1723 marito,
388 1675 435 1711 eur
444 1654 474 1712 in
490 1676 574 1713 uxore
590 1654 682 1713 delini
694 1654 787 1710 mani-

99 1737 177 1818 festa
199 1736 329 1793 altionem
351 1735 419 1813 legis
439 1736 609 1797 omisisset?
629 1754 715 1815 arque
738 1734 788 1793 illo

106 1814 299 1900 praetendente
331 1818 479 1895 sexaginta
502 1818 584 1886 dies,
616 1819 654 1875 ad
677 1816 787 1874 consul·

106 1901 225 1963 candum
237 1901 317 1957 datos
326 1944 338 1968 ,
352 1901 462 1957 necdum
476 1901 648 1971 praeterisse,
668 1897 734 1956 satis
748 1898 790 1956 vi·

105 2002 174 2042 sum
191 1980 225 2039 de
241 1978 356 2039 Vistilia
369 1978 487 2040 statuere
500 1998 612 2059 :eaque
626 1980 655 2035 in
667 1978 789 2037 insulam

107 2059 252 2142 Seriphon
275 2060 374 2120 abdita
398 2059 446 2119 est.
469 2061 575 2119 Atium
600 2068 626 2118 &
650 2058 683 2116 de
707 2060 790 2119 sacris

105 2143 258 2227 AEgyptiis
282 2140 461 2222 ludaicisque
479 2140 638 2220 pellendis:
660 2139 787 2198 fadum-

14 2280 17 2287 .
106 2247 166 2307 que
183 2244 294 2306 patrum
314 2224 495 2292 consultum,
514 2242 545 2280 ut
562 2239 678 2299 quatuor
697 2221 791 2281 millia

106 2308 237 2367 libertini
242 2304 789 2386 generis,easuperstitioneinftcla‚qais

106 2391 210 2449 idonea
231 2406 312 2457 acas,
336 2388 368 2445 in
389 2388 510 2445 insulam
528 2385 690 2445 Sardiniam
710 2384 788 2445 vehe-

108 2490 224 2541 rentur,
245 2468 405 2528 coercendis
425 2470 485 2527 illic
508 2468 681 2536 latrociniiS,
696 2474 744 2534 &‚
765 2466 789 2523 si

108 2553 152 2611 ob
167 2554 337 2635 gravitatem
356 2552 419 2609 coeli
441 2551 619 2620 interissent,
637 2548 693 2609 vile
711 2546 790 2604 dam·

110 2655 184 2697 num
206 2657 213 2691 ι
234 2635 315 2693 ceteri
338 2636 458 2691 cederent
480 2632 588 2701 Italici,
610 2630 670 2690 nisi
689 2646 790 2689 certam

107 2735 176 2777 ante
197 2716 269 2773 diem
284 2715 415 2791 profanos
431 2714 501 2771 ritus
516 2714 680 2771 exsitissent.

151 2796 328 2870 LXXXV
339 2796 364 2857 1.
388 2792 455 2855 Post
473 2816 534 2877 quae
555 2793 651 2856 retulit
674 2789 793 2865 Caesar,
