2075 3659
200 309 479 368 Annaeum
518 310 669 370 Nom.
718 331 772 386 331

80 414 264 471 adversando,
277 414 389 465 &cessit
402 415 545 470 inflantibus
554 416 665 482 petribus
674 455 682 479 ,
692 420 777 484 specis

83 488 240 557 pudoris&
259 488 400 549 modestia,
420 489 486 541 fado
506 491 597 542 eodem
616 495 773 546 verecundus

83 565 167 614 simul
188 561 214 611 δι
230 579 358 630 arrogans.
374 561 456 614 Gron.

131 654 158 702 5.
175 638 246 686 crudi
256 671 340 689 .....
357 641 460 686 servitii.
473 637 550 703 Quod
559 639 656 690 scilicet
667 640 776 706 populus

84 709 169 761 Rom.
186 710 295 759 nondum
306 709 380 776 plane
393 712 557 762 concoxisset
568 730 577 772 5
588 713 618 762 ad
629 715 696 779 quod
710 730 775 764 non·

84 785 149 836 dum
166 785 338 835 occalluisset.

129 860 158 911 ⁶.
171 855 280 908 Provisis
292 862 364 908 etiam
375 890 474 910 ......
488 857 582 925 opibus.
597 859 680 924 Quum
698 858 774 910 etiam

87 932 257 999 providisset,
275 948 308 982 ne
325 932 375 983 suis
390 932 523 983 heredibus
536 947 598 998 opes
613 939 732 984 deessent
743 933 775 984 ad

87 1007 276 1073 opprimendam
295 1006 479 1071 rempublicam.

127 1080 173 1128 IX.
195 1094 217 1130 1.
238 1077 299 1128 laem
308 1082 361 1130 dics
376 1083 468 1147 accepti
481 1081 599 1145 qnondam
617 1082 715 1146 imperii.
736 1079 771 1132 Hi

86 1153 210 1204 videlicet
226 1153 352 1219 imperium
370 1153 471 1220 Augusti
486 1156 648 1204 numerabant
662 1171 675 1204 e
690 1155 770 1219 ptimo

86 1227 147 1293 ejus
159 1229 304 1288 consulatu,
316 1230 357 1292 qui
372 1229 457 1277 incidit
467 1228 491 1276 in
503 1229 568 1278 diem
584 1229 709 1278 decimum
723 1245 772 1278 no·

86 1319 151 1350 num
165 1303 256 1350 mensis
272 1301 372 1368 Augusti
383 1301 484 1364 ‚Hirtio
496 1301 523 1352 δι
537 1302 613 1352 Pausi
628 1319 693 1352 coss.
706 1317 774 1350 mot·

87 1377 159 1434 tuis,
179 1374 232 1441 post
248 1391 354 1444 pugnam
372 1375 552 1426 Mutinensem.
572 1375 650 1441 lgiur
668 1375 697 1424 nd
715 1391 774 1426 eum

87 1449 237 1499 numerandi
252 1449 351 1498 modum
363 1449 494 1514 imperavit
504 1449 626 1516 Augustus
637 1465 713 1498 annos
727 1464 773 1500 sex

87 1523 119 1574 &
137 1523 327 1590 quinquaginta,
345 1538 421 1587 quum
435 1539 524 1571 annum
540 1523 597 1572 vitae
616 1523 773 1588 septuagesi-

87 1613 160 1649 mum
177 1609 274 1645 sextum
294 1596 456 1661 explevisset.

132 1672 158 1719 2'.
176 1669 296 1718 Valerium
311 1670 444 1720 Corvinum.
462 1667 593 1718 Mediceus
612 1669 729 1731 Corvum,
749 1668 773 1718 d·

88 1744 121 1793 C.
132 1740 238 1791 Marium
250 1779 257 1794 .
269 1778 277 1792 .
291 1776 317 1793 ..
328 1778 335 1793 .
348 1756 485 1809 aequaverat.
503 1741 559 1792 Fuit
577 1743 642 1792 enim
655 1743 774 1808 Valerius

89 1815 196 1866 Corvus
205 1818 288 1867 sexies
300 1818 404 1878 consul,
416 1817 511 1867 Matius
523 1827 607 1866 autem
618 1818 725 1882 septies.

129 1905 155 1958 3.
171 1893 263 1941 Nomen
292 1894 439 1959 imperatoris
456 1925 505 1944 .....
522 1905 626 1957 partum.
645 1892 712 1942 Vide
727 1906 771 1940 su·

87 1967 136 2030 ptd
152 1981 206 2030 cap.
225 1979 248 2027 3.
258 1965 361 2031 Alioque
372 1967 501 2021 bonorum,
513 1981 576 2028 pto,
592 1964 634 2012 alii
646 1964 773 2026 honores,

87 2040 118 2090 δι
127 2039 164 2087 sic
173 2042 241 2088 solet
251 2039 362 2088 Tacitus.
377 2038 558 2103 Multiplicatn‚
570 2048 597 2085 ut
609 2039 751 2086 consulatus
763 2052 773 2088 t

88 2127 135 2162 aut
143 2130 207 2161 nova
215 2150 222 2173 ,
231 2121 260 2160 ut
270 2110 398 2159 tribunicia
410 2110 515 2174 potellas
523 2145 532 2168 ‚
540 2109 651 2176 regimen
661 2127 775 2173 morum,

88 2201 239 2255 quamquam
257 2199 303 2231 nec
322 2183 452 2244 tribunus,
471 2199 518 2231 nec
533 2199 624 2232 censor
640 2197 718 2233 esset.

128 2278 157 2323 4.
176 2258 365 2308 Necessitudine.
379 2257 405 2316 i,
423 2273 453 2318 e,
470 2257 638 2318 necessitate,
656 2273 729 2325 quum
748 2257 774 2309 id

90 2344 207 2400 tempora
224 2331 366 2398 reipublice
385 2343 530 2397 poscerent.

131 2423 155 2471 5.
173 2407 241 2455 Dum
262 2406 417 2455 ulcisceretur.
433 2405 523 2456 Codex
541 2403 698 2457 florentinus
722 2407 770 2456 he-

90 2482 138 2531 bet
152 2495 208 2530 tunc
216 2517 225 2540 ,
242 2482 306 2531 unde
322 2479 408 2530 Jacob.
420 2479 566 2530 Gronovius
577 2482 716 2545 suspicatur
732 2483 773 2530 le-

92 2555 198 2629 gendum
211 2591 218 2616 ‚
231 2553 307 2603 multa
323 2553 431 2602 Antonio
443 2568 513 2612 cunc,
528 2553 681 2618 interfec'lores
693 2558 774 2620 patris

94 2643 122 2677 ut
136 2630 293 2678 ulcisceretur.
312 2628 411 2677 Vocula
428 2641 471 2685 uc,
487 2628 520 2675 ob
538 2641 645 2691 sequens
663 2628 775 2678 vocabu·

93 2704 162 2764 lum,
181 2699 254 2752 facile
274 2699 359 2766 potuit
373 2700 464 2750 omitti.

131 2775 207 2832 X01·
227 2778 352 2846 Corruptos
371 2774 479 2826 consulis
498 2773 612 2847 legiones.
633 2773 771 2842 Quartam,
