2075 3659
197 296 457 367 v,drusArrrrrr
480 296 567 365 Lru.
591 296 659 367 IV.
711 318 781 386 229

103 416 222 479 adversa
245 418 401 477 accusatori
423 414 509 475 fuir:
531 417 582 498 qui
608 416 708 477 scelere
731 438 782 478 ve·

102 514 187 569 cors,
210 498 295 557 simul
317 498 397 580 vulgi
418 518 529 556 rurnore
553 500 679 569 territus,
703 498 786 558 robur

105 577 135 641 δ’
154 600 275 650 saxum,
292 597 342 637 aur
360 580 562 653 parricidarum
575 602 673 653 portus
695 581 784 639 mini·

105 662 255 731 cantium,
279 661 359 721 cessit
388 659 456 719 urbe
480 682 489 716 τ
509 681 543 719 ac
566 664 698 721 retractus
722 660 784 721 Ra·

104 740 229 813 venna,
256 742 369 823 exsequi
395 743 603 801 accusationem
633 742 783 825 adigitur3

104 844 167 883 non
185 822 345 883 occultante
368 820 486 881 Tiberio
511 842 590 883 vetus
611 822 710 881 odium
730 822 784 883 ad-

104 924 200 965 versus
220 904 344 963 exsulem
362 903 495 963 Serenum
512 924 603 963 :nam
622 903 684 985 post
702 902 783 962 dant·

104 1006 206 1046 natum
244 985 387 1044 Libonem
405 1031 417 1054 ,
446 987 536 1045 missis
567 982 604 1045 ad
640 984 782 1045 Caesarem

103 1066 206 1135 litteris
232 1066 465 1147 exprobraverat,
497 1086 576 1125 suum
603 1084 710 1124 taurwn
727 1068 783 1148 flu·

102 1150 183 1207 dium
197 1148 258 1207 sine
263 1149 354 1225 fructu
362 1148 456 1225 fuisse
466 1170 479 1219 ,·
491 1147 693 1229 addideratque
704 1168 782 1229 quae-

102 1228 174 1291 dam
195 1226 403 1298 contumacius,
420 1225 505 1308 quem
524 1248 617 1289 tutum
638 1228 713 1307 apud
730 1250 783 1288 au·

104 1332 159 1373 tes
173 1310 308 1391 superbas
323 1319 351 1370 &
374 1306 529 1368 offensioni
551 1310 695 1388 proniores
717 1332 725 1365 r
748 1330 782 1369 ea

103 1391 204 1453 Caesar
222 1394 289 1451 odo
316 1387 377 1470 post
402 1410 491 1449 annos
516 1390 629 1460 retulit,
654 1389 783 1449 medium

105 1493 219 1552 ternpus
233 1472 310 1533 varie
329 1491 467 1553 arguens3
484 1472 570 1531 etiam
585 1472 609 1530 si
620 1490 762 1531 tormenta
771 1516 784 1542 ‚

104 1552 265 1635 pervicaci&
280 1572 440 1621 servorum,
453 1571 552 1611 contra
561 1554 725 1611 evenissent.

145 1634 245 1696 XXX.
270 1632 363 1695 Dictis
383 1632 449 1691 dein
473 1634 635 1703 sententiis,
656 1652 687 1691 ut
706 1632 783 1693 Sere·

106 1738 159 1775 uus
178 1738 251 1775 more
266 1716 398 1795 majorum
408 1714 567 1789 puniretur,
583 1712 642 1795 quo
660 1714 784 1776 molliret

106 1796 248 1858 invidiam
266 1842 279 1865 ,
311 1798 472 1857 intercessit.
505 1796 606 1856 Gallus
637 1795 782 1867 Asinius,

110 1878 209 1958 Gyaro
234 1896 283 1937 aut
302 1878 420 1937 Donusa*
441 1880 616 1937 claudendam
640 1896 784 1947 censeret3

104 1959 139 2019 id
159 1979 273 2040 quoque
294 1958 473 2036 adspernatus
497 1956 558 2025 est,
581 1978 691 2035 egenam
711 1979 786 2033 aqua

105 2058 246 2117 utramque
268 2040 388 2099 insulam
407 2036 529 2097 referens
550 2040 702 2113 dandosque
719 2038 786 2098 cire

105 2144 176 2181 usus
187 2166 197 2192 ,
208 2129 210 2135 '
221 2122 266 2179 cui
291 2121 356 2181 vita
377 2122 562 2177 concederetur
578 2142 590 2176 .·
608 2120 649 2177 ita
667 2117 785 2181 Serenus

108 2204 272 2284 Amorgum
293 2217 461 2279 reportatur.
481 2198 522 2259 Er
545 2199 611 2279 quia
640 2197 785 2260 Cornutus

102 2305 157 2345 sua
190 2302 279 2346 manu
302 2280 464 2351 ceciderat,
492 2282 588 2339 adum
613 2282 645 2339 de
660 2282 785 2354 premiis

103 2383 293 2427 accusatorum
312 2362 469 2433 adolendis,
494 2362 524 2421 si
547 2362 609 2439 quis
634 2364 785 2444 majestatis

100 2448 274 2527 postulatus,
294 2463 356 2503 ante
371 2444 517 2521 perfefflcm
527 2444 668 2523 judicium
679 2467 710 2502 se
725 2444 785 2516 ipsc

105 2528 171 2589 vird
179 2527 374 2601 privavisse:
386 2525 535 2605 ibaturque
545 2525 576 2583 in
587 2545 652 2583 eam
666 2543 783 2582 senten·

107 2598 180 2671 tiam
195 2652 205 2679 ,
218 2608 260 2665 ni
285 2603 377 2665 duritie
396 2624 548 2684 contraque
570 2624 679 2663 rnorem
703 2622 785 2665 suum

106 2690 204 2771 palam
228 2709 278 2767 pro
300 2686 506 2747 accusatoribus
525 2684 640 2754 Caesat,
658 2685 785 2758 inritas,

106 2774 198 2853 leges,
211 2768 327 2847 rempub.
339 2770 372 2833 in
374 2768 513 2846 precipiti
522 2763 685 2849 conquestus
694 2784 784 2829 essert
