2075 3659
263 323 333 392 324
385 299 422 367 C.
450 299 600 368 Coras.
632 300 823 368 TAchr

259 420 400 481 interdum
421 422 580 488 comitate,
603 421 733 500 quamvis
759 417 942 481 manifestari

260 503 450 563 delestionem
472 502 587 584 tegebat
612 525 620 556 ;
648 501 824 581 mutatisque
850 505 941 580 sapius

260 586 349 656 locis,
374 582 489 643 tandem
514 581 591 662 apud
616 584 850 660 promontorium
878 585 939 642 Mi-

260 668 321 726 seni
342 664 487 735 consedit,
506 665 538 723 in
562 663 650 733 villa,
680 664 725 721 cui
747 663 783 721 L.
810 664 942 724 Lucullus

261 746 409 830 quondam
428 746 560 806 dominus
582 767 589 800 t
614 744 672 802 illic
694 764 761 803 eum
781 743 940 825 adpropin-

261 849 348 971 quare
374 827 530 907 supremis,
558 825 608 884 tali
633 825 722 884 modo
752 846 941 906 compertum.

273 929 332 969 rat
348 909 472 969 medicus
492 927 549 966 arte
569 908 702 989 insignis,
722 908 849 966 nomine
868 905 943 968 cln-

261 992 373 1062 ricles,
404 1013 462 1051 non
492 987 609 1070 quidem
641 1007 736 1069 regere
767 989 941 1049 valetudines

260 1073 393 1152 principis
420 1072 537 1142 solitus,
570 1069 679 1128 consilii
700 1088 799 1128 tamen
830 1073 942 1151 copiam

260 1152 390 1234 prebere.
414 1153 441 1211 ls
464 1151 541 1210 velut
561 1152 671 1230 propria
693 1149 730 1226 ad
752 1153 874 1234 negotia
893 1151 936 1210 di-

261 1233 411 1324 grediens,
433 1242 460 1294 &
486 1253 536 1313 per
558 1233 678 1311 speciem
705 1231 795 1291 officii
824 1254 937 1292 manum
1022 1273 1023 1298 r

243 1317 446 1397 ‚complexum
468 1315 576 1393 pulsum
599 1332 734 1371 venarum
757 1315 877 1396 attigit,
895 1336 940 1374 ne-
1022 1329 1023 1348 ¹

260 1419 317 1478 que
339 1396 440 1458 fefellit
466 1417 473 1450 t
495 1416 562 1454 nam
587 1393 718 1453 Tiberius
741 1395 882 1454 incertum
903 1419 935 1455 arr

261 1475 405 1549 offensus,
431 1474 568 1558 tantdque
587 1478 681 1558 magis
699 1477 773 1534 iram
794 1497 937 1555 premens,

259 1561 411 1641 instaurari
428 1560 522 1632 epulas
542 1557 646 1637 jubet,
665 1555 876 1638 discumbitque
895 1559 935 1616 ul·

259 1655 303 1699 tra=
323 1642 458 1709 solituru3
480 1641 561 1720 quasi
583 1635 685 1698 honori
705 1639 835 1698 abeuntis
854 1641 934 1698 amici

259 1722 401 1782 tribueret.
424 1717 570 1781 Charicles
593 1739 688 1779 tamen
707 1721 766 1778 labi
786 1721 935 1796 spiritum,

259 1823 309 1862 nec
318 1805 391 1862 ultra
402 1803 510 1861 biduum
521 1804 677 1861 duraturum
687 1803 821 1861 Macroni
836 1800 930 1861 firma-

259 1885 303 1943 vit
324 1907 330 1940 :
349 1883 414 1943 inde
434 1886 533 1943 cundia
554 1884 712 1963 conloquiis
731 1885 805 1943 inter
821 1904 933 1962 pressu·

259 1984 320 2038 tes,
342 1967 446 2025 nuntiis
464 1963 538 2044 apud
562 1966 670 2047 legatos
686 1973 712 2024 &
728 1966 860 2024 exercitus
880 1963 933 2023 fes·
1021 2005 1022 2022 1

258 2047 430 2107 tinabantur.
466 2046 598 2104 Decimo
634 2047 754 2124 septimo
796 2045 933 2105 Kalendas

260 2127 389 2208 Aprilis,
417 2124 563 2186 interclusi
592 2125 711 2197 animi,
747 2127 863 2187 creditus
895 2125 935 2184 est

259 2211 461 2268 mortalitatem
480 2208 643 2288 explevisse„
657 2208 695 2267 Et
712 2209 804 2267 multo
818 2229 931 2291 gratan-

259 2309 321 2348 tum
347 2311 500 2361 concursu‚
526 2291 562 2348 ad
585 2288 720 2368 capienda
743 2291 853 2369 imperii
878 2289 931 2368 pri-

260 2370 371 2430 mordia
397 2370 434 2430 C.
466 2370 562 2430 Caesar
583 2369 782 2453 egrediebatur
808 2394 814 2426 :
845 2391 929 2450 quum

259 2471 371 2532 repente
389 2450 527 2524 adfertis,
546 2454 631 2510 redire
659 2451 768 2512 Tiberio
792 2474 882 2512 vocem
900 2474 929 2508 oc

259 2535 359 2604 visus,
379 2535 522 2610 voca-rique
533 2580 544 2602 ,
564 2535 613 2610 qui
626 2536 776 2592 recreanda:
792 2533 933 2610 defellioni
1021 2547 1022 2578 ὲ

259 2616 347 2678 cibum
360 2616 495 2697 adferrent
512 2640 522 2672 .-
539 2635 628 2695 pavor
644 2611 709 2672 hinc
729 2615 761 2672 in
776 2633 874 2672 omnes
883 2636 892 2681 3
903 2621 928 2672 dc
1021 2635 1022 2642 ¹

259 2699 343 2758 cereri
357 2697 458 2775 passim
478 2695 616 2779 dispergi,
630 2716 656 2753 se
671 2696 787 2776 quisque
804 2693 927 2752 moestum

259 2798 308 2842 au:
324 2779 449 2842 nescium
471 2774 577 2863 fingere
596 2801 602 2837 :
623 2775 717 2840 Caesar
739 2778 769 2839 iri
790 2777 926 2842 silentium
