2075 3659
141 328 144 339 1
222 255 295 347 ¹188
352 278 390 346 C.
418 278 566 348 Coun
599 277 808 345 Tacm

228 399 346 461 tumelia
377 394 537 457 consulatus
567 393 707 454 honorem
740 395 935 477 principibus

141 501 146 519 ι
228 482 354 561 petivit:
348 479 493 571 dixitque
511 500 561 557 pso
579 480 736 547 sententia,
750 496 784 535 ut
792 479 934 551 publicis

224 562 383 637 privatisve
396 556 600 630 monumentis,
615 561 653 617 ad
664 560 829 617 memoriam
856 579 932 619 tem-

214 664 346 719 porum,
369 664 423 701 non
448 641 587 703 consulum
615 638 729 698 nomina
751 643 930 715 prascribe-

232 744 343 795 ιειιῐιιι,ι
355 727 404 783 sed
413 746 502 782 eorum
514 745 560 797 qai
555 720 747 780 tribuniciam
753 724 931 802 potestatem

228 824 359 884 gererent.
384 805 425 863 At
446 804 484 881 Q.
506 802 658 873 Haterius,
675 824 762 883 quum
783 805 849 883 ejus
867 807 933 863 diei

231 886 466 945 senatusconsulta
495 885 587 943 aureis
614 885 717 943 litteris
739 886 863 962 figenda
897 886 930 944 in

232 968 309 1026 curia
341 968 523 1034 censuisset,
552 964 707 1023 deridiculo
744 962 802 1025 fuit
832 987 928 1026 senex

232 1044 393 1108 foedissimae
418 1046 616 1117 adulationis,
650 1066 763 1107 tantum
794 1046 928 1107 infamiis

232 1148 375 1269 ιιειιιιινς.ΙΙ

362 1208 514 1271 ΙΙ.Ιιιιει
545 1230 609 1309 quse
641 1207 789 1289 provincia
816 1208 928 1273 Africa

234 1292 320 1354 lunio
343 1291 431 1351 Blaeso
455 1290 629 1373 prorogati,
651 1291 762 1351 Servius
783 1290 927 1375 Malugi-

233 1376 356 1446 nensis,
380 1376 483 1432 flamen
505 1359 624 1444 Dialis,
652 1392 684 1432 ut
710 1372 811 1431 Asiam
841 1394 928 1434 sorte

234 1453 351 1515 habetet
374 1454 545 1535 postulavit,
562 1454 667 1534 frustra
690 1455 832 1531 vulgatum
860 1455 927 1513 dic-

236 1538 345 1607 ῑίιιιιε,
364 1560 418 1595 non
440 1538 519 1594 licere
541 1533 679 1593 Dialibus
701 1536 793 1613 egredi
803 1536 927 1598 Italia.-

234 1638 316 1695 tteque
331 1618 440 1677 aliud
421 1640 472 1697 pus
492 1639 593 1687 suum,
612 1638 692 1693 quam
715 1616 929 1690 Martialium,

239 1700 480 1779 Quirinaliumque
504 1664 653 1775 flaminum
680 1721 692 1757 s
713 1720 795 1771 porro
825 1700 854 1758 si
891 1666 929 1758 lui

236 1781 381 1839 duxissent
396 1780 560 1855 prouincias
573 1827 585 1851 ,
610 1802 659 1837 cur
673 1779 810 1838 Dialibus
823 1781 856 1839 ia'
869 1806 928 1843 ve·

233 1859 347 1921 titum?
371 1862 448 1920 nulla
472 1865 504 1920 de
527 1884 558 1920 eo
576 1862 675 1936 populi
696 1863 769 1922 scita
783 1909 794 1931 ,
809 1885 864 1921 non
893 1866 930 1924 in

237 1944 318 2003 libris
347 1944 561 2003 caerimoniarum
584 1944 706 2016 reperiri.
734 1942 806 2017 Sepe
822 1947 929 2019 ponti-

232 2027 301 2107 fiaes
329 2025 434 2084 Dialia
456 2047 536 2099 saara
549 2026 676 2108 fecisse,
696 2047 723 2084 si
718 2026 843 2104 flamen
864 2050 928 2087 να·

239 2108 389 2178 latudine,
414 2125 462 2165 aut
487 2129 595 2165 munere
620 2106 748 2181 publico,
774 2108 927 2202 impedire·

239 2206 320 2247 tur:
313 2188 445 2247 ·duobus
475 2184 502 2247 Et
539 2188 715 2266 septuaginta
747 2190 830 2247 annis
860 2193 929 2272 post

243 2270 364 2329 Cornelii
370 2268 488 2327 Merula
496 2270 610 2339 cadem
621 2292 757 2327 neminem
767 2269 927 2348 suffetium,

239 2370 322 2427 neque
335 2368 425 2408 tamen
442 2352 596 2410 cessavisse
616 2351 658 2409 rel
655 2352 770 2429 lgiones.
797 2352 926 2431 Quod'
893 2376 926 2412 st

236 2454 289 2508 per
307 2450 348 2490 tot
365 2452 451 2489 annos
464 2432 558 2506 possit
575 2436 628 2491 non
648 2434 758 2503 creari,
778 2435 854 2491 nullo
872 2457 923 2493 sa-

240 2535 344 2572 crorum
364 2516 481 2586 damno,
482 2532 598 2609 'quanto
588 2513 732 2592 fatiliies
749 2514 923 2592 abfitturum,

241 2598 280 2654 ad
304 2596 385 2654 unius
420 2596 488 2653 anni
519 2596 712 2669 proconsulare
742 2597 922 2669 imperium?

242 2676 372 2737 Privatis
399 2676 466 2733 olim
492 2676 681 2735 simultatibus
709 2676 859 2754 effillum,
891 2697 924 2736 ut

242 2780 261 2817 a
284 2756 461 2838 pontificibus
488 2759 622 2818 maximis
647 2758 688 2820 ire
707 2758 738 2818 in
755 2760 922 2835 provincias
