2075 3659
231 299 499 360 Arrrranrrrnr
531 299 686 363 Nom
751 323 807 379 379

28 434 34 464 r
122 404 171 461 'sed
187 406 315 475 redegere,
325 404 351 457 bt
364 407 479 457 exsilium
489 407 578 475 viginti
587 424 675 460 annor.
685 412 808 475 perpessa.

166 480 239 531 XXI.
257 494 280 530 1.
296 476 416 530 Vexillum
427 495 597 532 veteranorum.
609 482 706 533 Milites
720 499 807 535 exauc-

27 584 28 590 κ
123 564 225 607 tutatos
233 554 364 622 intellige,
381 566 407 605 rt
421 554 465 605 sub
482 556 577 607 vexillo
594 567 709 607 retentos
719 594 727 619 ,
737 570 809 609 cete·

26 658 32 684 r
121 646 211 679 rorum
222 630 362 691 immunes,
379 641 541 697 praeterquam
554 630 713 697 propulsandi
722 630 809 685 hodie.

124 703 193 759 Vide
216 704 281 753 Ann.
307 718 340 763 ι,
361 717 405 766 17.

157 770 191 827 ¹2.
199 774 301 825 obsidia
309 774 723 845 aespemareuus.1tetugtentibus,
732 796 807 847 quum

24 882 28 911 :
122 851 225 902 nollent
242 849 361 901 obsidere
378 851 489 915 praesidia
505 850 627 902 Romana.

162 923 247 975 XXII.
267 938 291 977 1.
308 922 355 975 Per
370 925 503 976 Chaldaea.
521 925 589 978 Vide
606 926 671 977 Ann.
690 943 721 989 2,
737 942 783 991 27.

161 1015 188 1049 2.
206 999 249 1047 At
262 995 422 1064 proferenda,
439 1015 489 1066 quae
503 999 570 1049 reiut
579 1003 673 1050 reticere
687 1000 808 1053 voluerat·

119 1070 250 1123 Acidalius
267 1074 368 1139 legebat
383 1074 484 1123 reticeri.
500 1072 624 1125 Proeterea
642 1075 723 1125 codex
738 1074 805 1126 Flor.

120 1146 186 1197 teste
200 1145 252 1198 iac.
270 1145 419 1209 Gronorio,
434 1147 512 1198 habet
523 1145 651 1215 presentia,
666 1150 731 1199 unde
741 1165 805 1215 pto·

120 1218 180 1287 pitis
194 1221 275 1271 aberit
289 1218 416 1287 profirnda.

162 1309 189 1358 ς.
202 1293 287 1360 Neque
300 1294 424 1360 ceffurum,
438 1296 488 1342 nisi
500 1294 632 1343 damnandi
646 1294 737 1360 officio.
751 1295 806 1345 Ne·¹

96 1376 98 1381 '
121 1384 174 1435 que
190 1367 301 1434 priorem
325 1367 435 1417 dicenda
457 1367 587 1417 sententie
607 1369 706 1428 locum.
722 1368 805 1421 Druso

119 1441 253 1500 debitum,
276 1442 317 1491 alii
339 1439 528 1500 eonceiiurum,
547 1441 594 1491 nisi
617 1442 657 1492 cui
676 1442 806 1494 damnandi

117 1517 299 1566 necessitatem
317 1515 467 1583 injungeret.

159 1588 256 1640 xxm.
276 1604 300 1639 r.
321 1587 361 1637 Ea
379 1603 537 1639 monumenta.
554 1586 693 1641 Theatrum
708 1588 785 1657 ipsunt
794 1625 805 1649 ,

117 1664 188 1732 quod
202 1662 336 1729 Pompeius
352 1660 515 1714 exstruxerat.

116 1767 121 1777 ·
159 1736 256 1791 XXIV.
269 1750 294 1789 1.
309 1733 360 1805 Qui
371 1753 413 1802 per
426 1738 540 1805 insignem
555 1735 704 1787 nobilitatem
717 1734 740 1784 6·
751 1735 775 1785 ei
790 1763 803 1778 ·

116 1813 241 1877 quentiasn
251 1809 409 1879 praecidebat.
422 1811 531 1863 Videtur
539 1810 688 1862 admittenda
698 1810 803 1861 Acidalii

118 1885 279 1940 emendatio.
300 1885 407 1952 legentis
424 1889 465 1949 qui
473 1884 545 1950 stupet
559 1888 673 1951 insignem
686 1882 804 1934 nobilita·

119 1974 187 2014 tent,
211 1957 234 2006 ἃ
253 1958 386 2024 eloquentiti
400 1955 557 2022 precellebat.

157 2032 243 2083 XXV.
260 2046 285 2081 r.
299 2028 451 2091 incitandis,
467 2029 487 2079 i.
505 2046 529 2079 e.
545 2028 662 2098 augendis
679 2040 753 2096 atque
765 2031 802 2081 in·

120 2104 254 2154 tondendis
276 2104 392 2154 coelibum
415 2102 513 2167 poenis,
536 2102 561 2153 bt
583 2104 689 2171 augendo
711 2107 803 2153 erario.

19 2214 22 2217 -
118 2179 186 2229 Nam
213 2192 242 2226 ea
260 2177 318 2244 lege
337 2177 449 2227 caelibum
466 2178 548 2245 legata
568 2178 592 2229 δι
609 2176 761 2227 hereditates
776 2178 803 2229 in

67 2258 70 2264 ’
121 2248 238 2303 aeratium
254 2252 413 2317 petebantur.

158 2340 184 2374 2.
200 2323 337 2375 Praralida
352 2322 462 2378 orbitate.
480 2320 518 2375 Εὸ
534 2322 600 2393 qudd
615 2324 670 2375 orbi
686 2324 755 2375 donis
771 2340 800 2375 ac

114 2398 262 2450 muneribus
274 2401 435 2465 captabantur
449 2400 653 2467 colebanturque.

158 2487 184 2538 3.
209 2471 455 2539 interpretationibus.
474 2474 571 2539 Quibus
591 2475 668 2523 verba
688 2470 752 2537 legis
773 2470 799 2521 in

118 2556 214 2595 tantum
225 2546 409 2609 extendebant,
425 2556 454 2596 ut
469 2548 536 2596 nulia
550 2547 636 2598 domus
647 2548 677 2596 ab
691 2544 799 2610 ipsorum

118 2620 249 2684 iniquitate
264 2632 318 2670 tura
333 2617 404 2671 effer.

156 2693 252 2746 XXVI.
275 2709 299 2744 r.
316 2694 403 2743 Contra
418 2710 516 2762 morem,
532 2692 549 2751 i.
570 2710 593 2752 e.
612 2692 754 2762 aequitatem
767 2694 797 2743 ab

116 2766 170 2833 ipsa
186 2779 272 2820 natura
289 2768 464 2839 prescriptam·
