2075 3659
290 295 355 339 102
410 270 448 341 C.
477 272 620 340 CORN.
654 272 840 339 TACJTI

278 392 378 469 forent
388 392 504 472 :jussus
522 388 556 449 al
569 390 749 465 imperatore,
758 410 870 449 uxorem
883 395 960 451 dttxi.

286 474 333 531 En
340 474 426 555 stirps
441 468 468 532 ἃ
477 473 622 551 progenies
634 490 675 531 tot
685 473 842 543 torosulum,
857 492 900 531 tot
913 476 963 533 dic·

287 572 405 613 tatonem
424 579 434 613 .·
454 577 502 612 nec
517 556 556 613 ad
571 554 710 613 invidiam
723 554 791 635 ista,
806 558 859 613 sed
872 558 963 614 conei-

287 637 387 695 liandae
401 636 595 695 misericordie
603 636 687 713 refero
699 660 709 694 .·
721 638 962 716 adsequenturflo·

287 735 360 777 rente
375 735 421 788 te,
446 720 551 787 casae,
570 739 634 794 quos
647 719 753 776 dederis
771 717 889 778 honores
902 743 913 778 .·
927 722 965 777 in·

286 800 367 858 terim
385 800 424 879 Q
437 798 585 858 Hortensii
589 816 767 873 pronepotes,
778 800 843 859 divi
852 799 966 883 Augusli

287 882 431 950 alumnos,
443 880 477 938 ab
488 882 584 955 inopia
594 880 711 958 defende.

327 962 499 1021 XXXVIII.
530 961 682 1021 Inclinatio
712 958 824 1021 senatis
859 964 964 1023 incita·

286 1062 417 1103 mentum
435 1043 554 1103 Tiberio
573 1040 892 1123 fuit‚qui)prompti1is
911 1045 964 1105 ad·

285 1144 457 1196 versaretur,
470 1122 515 1185 his
531 1123 618 1184 ferme
629 1124 721 1184 verbis
732 1146 813 1185 usus:
829 1124 868 1183 Si
882 1149 965 1204 quan-

285 1205 345 1265 tiem
357 1229 507 1282 pauperum
531 1208 580 1289 ell,
604 1208 698 1268 venire
721 1204 849 1277 hac,.&
873 1210 966 1269 liberis

285 1289 348 1347 suis
357 1308 448 1363 petere
455 1290 588 1363 pecunias
605 1290 755 1363 coeperint;
769 1290 879 1367 singuli
896 1314 967 1349 num·

273 1390 367 1446 ,quam
388 1372 616 1441 exsatiabuneur,
639 1370 742 1445 respub.
761 1372 871 1449 deficiet
889 1397 900 1431 .·
923 1394 967 1432 nee

286 1452 354 1511 sani
373 1453 434 1512 ideo
453 1476 472 1511 o
489 1452 638 1547 majoribus
653 1474 808 1511 concessum
826 1454 864 1533 est
879 1456 968 1533 egredi
1025 1508 1026 1525 ,

286 1534 434 1611 aliquando
449 1536 626 1603 relationem,
647 1530 674 1592 ἃ
696 1536 768 1610 quod
779 1535 811 1591 in
829 1556 968 1595 commune
1025 1526 1026 1595 i

285 1620 417 1673 conducat
429 1616 488 1674 loto
501 1616 643 1674 sententiat
651 1615 788 1691 proferre,
805 1632 835 1672 ut
849 1619 968 1690 privato
1025 1622 1026 1677 Ῐ

284 1698 417 1774 negotia,
436 1719 478 1757 res
491 1696 653 1774 familiares
673 1714 783 1755 nostras
800 1695 847 1755 ltlc
870 1720 968 1777 augea·
1025 1712 1026 1767 ξ

284 1798 368 1849 mus,
389 1800 449 1837 cum
472 1779 584 1839 invidia
607 1777 717 1837 senonis
741 1774 968 1854 &principum
1025 1812 1026 1841 ;

285 1859 349 1920 sive
359 1861 524 1919 indulserint
532 1860 792 1939 largitionem,sive
803 1860 967 1921 abnuerint:
1025 1910 1026 1913 η

223 1952 226 1956 “
286 1964 341 1999 non
360 1944 433 2001 enim
447 1965 541 2016 preces
559 1962 623 2001 sunt
633 1942 722 2083 glus,
742 1944 793 2000 sed
806 1945 968 2023 efflagitatio
1025 1984 1026 1991 κ

286 2023 475 2106 intempestiva
499 2025 606 2105 quidem
685 2024 862 2097 improvisa,
889 2048 969 2102 quum
1025 2038 1026 2041 ’

286 2104 355 2164 aliis
376 2109 409 2164 de
431 2106 508 2165 relus
530 2106 705 2165 convenerint
718 2124 836 2179 patres,
857 2128 969 2165 consur-

285 2208 365 2264 gere,
386 2184 535 2246 &numero
549 2205 626 2263 atque
638 2204 715 2247 atate
729 2186 844 2245 lilenlm
856 2209 968 2249 saonem

287 2288 379 2344 urgere
397 2269 552 2348 modestiam
569 2268 700 2338 senatuis,
715 2271 836 2327 eamdem
854 2271 917 2330 vim
938 2272 968 2329 in

287 2368 330 2407 nte
346 2352 549 2419 transmittere,
567 2372 598 2407 ac
621 2350 698 2410 velut
714 2350 883 2429 perfringere
898 2372 967 2411 ara-

289 2430 360 2487 rium
372 2456 382 2489 :
395 2434 467 2508 quod
478 2431 506 2489 si
518 2430 668 2491 ambitione
683 2430 907 2503 exhauserimus,
918 2456 970 2507 per

287 2513 390 2570 scelera
403 2514 580 2588 supplendam
599 2515 652 2572 erit
674 2512 869 2583 sardiceni,
893 2515 968 2573 Hor-

289 2596 364 2664 tale,
382 2596 465 2656 divus
493 2594 629 2679 Augustus
649 2594 815 2671 pecuniam,
837 2598 889 2655 sed
914 2617 968 2655 non

288 2677 483 2749 compellatus,
499 2699 547 2736 nec
559 2698 591 2735 ea
607 2678 663 2755 lege
675 2694 705 2735 ut
716 2698 823 2750 semper
833 2680 967 2737 daretur:

288 2758 444 2837 languescet
478 2759 583 2835 alioqui
615 2758 747 2841 industria
767 2803 779 2829 ,
812 2758 968 2821 intendetur
