2075 3659
238 273 314 329 Ar>
348 256 670 347 Lictoris.
744 258 793 355 vij

112 386 141 443 lit
159 376 241 441 editis
259 378 355 442 Taciti
368 378 455 441 habet
467 380 699 465 diligentissimus
713 378 792 441 idem

113 474 217 541 horum
235 479 418 565 investigator·
435 479 577 542 Ernestus.

154 578 236 638 Tne
246 597 257 636 1
267 576 307 638 ri
320 575 432 640 codices
446 578 639 662 antiquissimi
650 574 791 639 suntflo-

112 676 218 735 rentini
239 672 305 734 duo.
325 675 423 745 Alter,
443 676 493 756 qui
511 675 610 735 unicus
631 670 695 745 est,
718 671 794 735 solor

112 771 273 833 Annalium
296 768 344 831 sex
367 772 454 831 libros
477 773 582 852 priores
605 773 753 842 eontinet,
779 788 796 829 e

37 926 39 931 ,
113 862 287 925 monasterio
314 864 484 927 corbeiensi
518 866 549 925 in
574 862 715 925 Vestfalia
748 886 797 946 ptr

115 960 246 1023 Leonem
266 962 304 1023 X.
325 960 468 1025 summurn
488 963 662 1026 Pontificem
683 965 795 1026 billio»

117 1056 206 1120 thecae
218 1061 357 1121 Mediceae
374 1063 477 1123 illutus.
492 1062 572 1122 Alter
585 1084 696 1145 mugnae
710 1064 798 1123 etiam

116 1162 314 1241 antiquitatis,
331 1162 433 1243 quippe
455 1160 680 1246 Langobardicis
699 1162 798 1222 litteris

116 1273 267 1327 exaratus,
281 1254 393 1315 orditur
409 1256 446 1315 ab
465 1254 618 1315 undecimo
640 1256 715 1317 libro
735 1258 798 1317 An-

115 1351 248 1421 nalium,
267 1359 295 1411 δι
312 1351 462 1431 inquirito
478 1348 667 1411 Historiamm
684 1349 798 1411 desinit.

116 1442 235 1505 Horum
255 1444 391 1503 librorum
412 1444 463 1503 alii
485 1443 621 1516 codices,
642 1444 800 1518 Bullensis,

115 1540 281 1613 Vaticani,
300 1541 505 1612 Fatnesianus‚
527 1542 712 1623 Ryclrianus‚
734 1542 798 1601 Re-

119 1642 184 1723 gius
208 1686 218 1711 ‚
242 1639 479 1721 Guelferbytanus
501 1686 512 1713 ,
539 1641 718 1703 Oxonienses
738 1690 748 1715 ,
771 1652 800 1705 δε

118 1738 172 1799 alii
190 1740 320 1801 nonnulli
333 1785 345 1809 ,
361 1738 410 1801 sed
425 1742 585 1801 recentioris
606 1740 694 1803 fermb
713 1741 801 1824 scrip-

119 1856 211 1907 turae,
228 1834 356 1895 videntur
376 1836 485 1895 Jacobo
510 1834 661 1897 Gronovio
687 1858 722 1896 tx
744 1834 801 1895 hoc

119 1932 343 2015 Langobardico
360 1934 445 1993 variis
464 1933 638 2013 temporibus
660 1932 802 2014 descripti.

119 2033 157 2094 Id
175 2034 313 2095 affirmare
331 2054 391 2093 non
410 2032 493 2093 audet
506 2031 638 2092 Ernestus
654 2056 666 2105 3
685 2052 715 2093 at
736 2054 803 2093 cerr-

122 2130 165 2193 set
185 2132 296 2193 codices
310 2132 396 2203 illos,
411 2151 554 2213 quotquot
568 2130 652 2205 sunt,
667 2142 694 2195 δι
710 2131 804 2215 ipsum
875 2172 877 2175 ·

121 2227 402 2310 Langobardicurn,
427 2248 461 2286 ex
485 2226 586 2287 eodem
612 2224 805 2313 apographo,

123 2346 216 2407 eoque
242 2330 302 2407 jum
323 2326 516 2407 interpolato,
542 2322 656 2386 fluriffe.
684 2324 804 2387 Etenim

119 2447 228 2491 ,omnes
250 2428 331 2486 certis
348 2424 518 2508 quibusdam
536 2427 607 2484 locis
625 2422 728 2485 eodem
745 2444 807 2483 mo-

125 2526 166 2586 do
184 2524 327 2606 depravati
347 2524 410 2589 funt
425 2549 435 2599 3
455 2536 483 2587 &
501 2524 732 2606 transpositiones
749 2545 805 2604 pa·

126 2624 281 2706 ginurum,
300 2642 361 2704 quae
381 2620 425 2680 vel
443 2621 550 2680 librarii
562 2664 572 2691 ,
585 2619 632 2680 vel
647 2618 807 2701 bibliopegi

125 2720 200 2779 virio
224 2721 254 2779 in
272 2720 322 2782 illo
346 2720 499 2801 antiquiori
520 2716 617 2779 codice
636 2733 809 2787 occurrunt,

124 2822 148 2865 ¹
620 2843 638 2881 a
656 2821 690 2886 iv
