2075 3659
213 274 466 345 Arruntium
489 276 576 345 Lis.
601 276 651 347 II.
705 302 767 367 ¹03

89 394 235 465 socordia,
253 396 283 453 si
298 395 389 455 nullus
404 418 439 455 ex
452 418 483 455 se
503 414 610 466 metus,
628 414 675 455 aut
692 420 754 471 spes
760 420 775 471 ;

91 474 119 535 ἃ
131 477 222 535 securi
232 497 325 535 omnes
334 477 427 535 aliena
434 476 561 540 subsidia
566 478 773 551 exspeliabunt,

88 556 148 615 sibi
162 558 281 635 igtraoi,
293 556 372 617 nobis
380 579 491 636 graves.
507 558 575 617 Haec
587 578 673 639 atque
687 560 773 629 talia,

89 658 269 718 quamquam
292 658 357 697 cum
385 638 504 699 adsensu
525 639 622 700 audita
645 639 683 699 ab
705 636 775 713 his,

89 720 196 799 quibus
206 721 305 779 omnia
319 721 477 799 principum
493 717 610 780 honesta
625 741 709 802 atque
723 723 773 781 in-

90 796 212 859 honesta
231 799 344 861 laudnt
360 822 424 861 mos
441 798 499 871 est,
518 802 608 881 plures
628 822 675 881 per
693 802 775 863 silen-

90 883 166 941 tium
182 902 232 941 aut
246 882 392 941 occultum
405 902 530 941 murmur
546 902 677 963 excepere
692 906 699 942 ε
714 904 775 945 sen·

90 964 187 1043 sitque
207 963 339 1022 Tiberius
362 971 425 1024 :.&
446 984 537 1045 quum
562 964 688 1045 paullum
706 968 774 1025 reti*

90 1046 196 1103 cuisset
208 1068 215 1100 ι
227 1045 344 1103 Hortalo
354 1067 385 1103 se
399 1046 570 1119 respondisse
585 1047 626 1105 ait
637 1070 646 1104 :
658 1046 775 1106 ceterum

88 1126 118 1183 si
131 1126 264 1200 patribus
284 1128 437 1196 videretur,
455 1129 581 1186 daturum
599 1127 695 1187 liberis
715 1130 774 1209 ejus

88 1209 199 1265 ducena
215 1207 336 1289 sestertia
352 1207 490 1285 singulis,
509 1209 557 1285 qui
576 1230 658 1267 sexus
676 1210 774 1271 virilis

88 1306 184 1347 essent
200 1312 210 1347 :
226 1308 308 1371 egere
326 1286 377 1347 alii
393 1306 502 1371 gratcs3
522 1288 600 1349 siluit
620 1288 773 1363 Hortalus,

90 1389 215 1449 pavore,
238 1392 276 1430 an
297 1370 379 1429 avitae
402 1370 563 1430 nobilitatis
586 1372 674 1430 etiam
701 1372 775 1431 inter

90 1449 236 1534 angustias
257 1449 376 1511 fortuna:
393 1452 515 1511 retinens
535 1470 648 1533 :neque
662 1453 776 1512 misera*

90 1551 133 1592 tus
156 1530 201 1590 est
218 1530 333 1611 posthac
349 1531 501 1603 Tiberius,
520 1532 652 1612 quamvis
673 1532 774 1595 domus

92 1612 245 1673 Hortensii
266 1612 427 1694 pudendam
447 1612 483 1674 ad
506 1614 636 1694 inopiam
659 1613 775 1674 delabe-

92 1714 177 1755 retur.
507 1744 510 1750 ,

128 1773 276 1835 ΧΧΧΙΧ.
299 1774 412 1835 Eodem
432 1796 508 1835 anno
532 1777 669 1855 mancipii
693 1776 775 1837 turios

92 1857 230 1927 audacia,
249 1858 280 1916 ni
297 1858 405 1917 mature
421 1857 588 1917 subventum
610 1857 700 1928 foret,
720 1858 775 1917 dis-

93 1940 199 1999 cordiis
216 1940 356 2019 armisque
377 1938 507 1999 civilibus
529 1938 656 2017 rempub.
681 1958 776 2017 pertu-

92 2020 177 2082 lisset.
208 2018 334 2079 Postumi
365 2021 436 2103 Agri
456 2041 497 2099 pae
533 2039 625 2079 servus
659 2020 776 2078 nominc

35 2165 38 2169 ,
96 2106 242 2169 Clemens,
261 2121 408 2181 comperto
468 2097 641 2181 eAugusti,
663 2120 776 2182 pergere

92 2185 121 2242 in
134 2184 260 2244 insulam
274 2182 451 2251 Planasiam,
463 2190 490 2241 &
503 2179 600 2239 fraude
612 2200 662 2239 aut
675 2182 704 2241 vi
714 2201 776 2261 rap·

92 2285 153 2325 tum
172 2265 344 2347 -Agrippam
376 2261 447 2321 ferre
477 2260 513 2322 ad
539 2263 672 2322 exercitus
699 2262 774 2323 Ger-

93 2350 245 2416 manicos,
271 2367 330 2404 non
357 2344 448 2404 servili
476 2345 574 2403 animo
604 2345 734 2424 concepit
766 2366 773 2402 :

92 2450 159 2488 ausa
179 2432 239 2506 ejus
259 2426 409 2505 impedivit
433 2426 548 2485 tarditas
571 2426 703 2484 onerariae
720 2446 773 2484 na-

92 2511 133 2569 vis
158 2534 166 2567 ε
186 2528 272 2589 atque
287 2509 401 2567 interim
415 2527 525 2585 patrata
547 2506 638 2576 caede,
659 2505 696 2565 ad
713 2526 774 2564 ma·

91 2595 152 2670 jora
180 2598 208 2649 &
232 2591 324 2672 magis
346 2590 498 2668 praecipitia
527 2606 695 2656 conversus,
721 2583 772 2643 fu-

93 2692 170 2733 ratur
191 2673 320 2740 cinerea,
350 2672 499 2750 vectusque
522 2668 631 2729 Cosam
658 2666 776 2727 Etruriae

93 2754 344 2835 promontorium,
366 2752 473 2834 ignotis
496 2752 567 2813 locis
591 2769 648 2807 sese
669 2746 776 2809 abdit:

576 2830 652 2893 Eiv
