2075 3659
218 262 467 341 ninneton
492 274 576 341 Lm.
602 273 633 340 I.
712 296 759 360 47

79 382 142 469 post
165 392 249 450 ceteri
271 393 421 451 sociorum.
448 390 504 451 Sed
530 390 642 462 hostes,
668 391 759 452 donec

79 492 185 553 agmen
208 492 255 551 per
278 472 362 531 saltus
386 476 596 557 porrigeretur,
619 475 734 533 immoti
747 497 759 544 3

80 551 147 611 dein
166 552 254 611 latera
276 563 303 613 &
326 553 450 613 frontem
472 554 585 613 modice
610 555 759 614 adsultan-

81 654 141 701 tes,
165 653 228 693 rota
244 635 274 693 vi
290 637 458 695 novissimos
479 637 614 695 incurrere
629 645 648 692 'r
667 636 760 695 mrba-

79 714 239 795 banturque
276 715 368 775 densis
400 714 608 776 Germanorum
642 719 761 777 catervis

79 796 156 855 leves
176 793 329 865 cohortes,
349 818 436 878 quum
456 798 552 858 Caesar
572 798 703 857 advectus
724 798 767 871 ad¹

79 878 287 949 vicesimanos,
306 898 378 937 voce
397 900 520 961 magna,
536 879 587 938 hoc
605 880 678 938 illud
694 897 761 937 rem-

75 982 131 1034 pus
142 958 330 1019 oblitteranda
340 961 487 1019 seditionis
497 960 665 1020 clamitabat
680 982 686 1015 :
695 983 780 1037 per-·C

77 1058 191 1119 gerent,
201 1060 376 1115 properarent
392 1042 496 1116 culpam
511 1044 541 1099 in
552 1045 631 1101 decus
644 1059 759 1102 vertere.

80 1122 218 1181 Exarsere
237 1124 356 1192 animis,
372 1144 485 1203 unoque
512 1126 620 1204 impetu
646 1142 761 1202 perrup-

81 1222 144 1263 tum
166 1200 279 1261 hostem
294 1203 423 1286 redigunt
444 1204 474 1262 in
496 1224 613 1284 aperta,
632 1202 760 1263 cadunt·

80 1305 165 1366 que:
188 1284 273 1344 simul
297 1286 380 1364 primi
402 1287 525 1368 agminis
545 1287 631 1364 copia
652 1304 763 1343 evasere

80 1367 185 1436 silvas,
213 1364 353 1446 castraque
378 1367 598 1425 communivere.
623 1366 763 1441 Quietum

82 1447 150 1507 inde
163 1449 218 1507 iter
230 1470 237 1503 ε
249 1444 391 1527 fidensque
403 1446 578 1515 recentibus,
592 1466 625 1505 ac
637 1448 763 1526 priorum

82 1530 191 1589 oblitus
205 1529 304 1597 miles,
320 1530 350 1587 in
363 1526 486 1587 hibernis
497 1528 614 1587 locatur.

121 1610 189 1670 LII.
206 1610 348 1670 Nuntiata
363 1631 397 1668 ea
411 1610 560 1669 Tiberium
575 1606 672 1667 letitia
688 1605 765 1668 curi-

83 1713 138 1774 que
153 1690 304 1751 adiecere:
322 1690 464 1790 gaudebat
479 1710 638 1771 oppressam
650 1689 765 1749 seditio-

83 1796 177 1842 nem3
200 1772 249 1832 sed
277 1772 355 1853 quod
379 1771 530 1855 largiendis
563 1773 705 1851 pecuniis,
736 1780 765 1831 δε

83 1858 221 1915 missione
239 1852 367 1915 festinata
391 1850 518 1912 favorem
540 1854 665 1912 militum
683 1872 763 1931 qua:-

84 1939 211 2006 sIvisser,
228 1933 330 1995 bellica
349 1956 461 2015 quoque
475 1934 639 1994 Germanici
657 1931 764 2015 gloria,

84 2018 254 2102 angebatur.
277 2015 385 2077 Retulit
404 2036 500 2075 tamen
517 2015 555 2073 ad
577 2034 706 2073 senatum
730 2011 766 2070 de

42 2106 44 2109 ’
85 2100 171 2159 rebus
187 2096 283 2180 gestis,
298 2099 442 2177 multaque
461 2094 495 2155 de
515 2097 618 2153 virtute
634 2099 767 2172 ejusme-

86 2181 233 2248 moravis,
259 2182 351 2261 magis
371 2180 401 2237 in
422 2178 543 2256 speciem
566 2176 658 2235 verbis
681 2173 767 2233 ador·

86 2284 156 2323 nata
167 2308 180 2331 ,
202 2258 288 2342 quam
306 2280 337 2319 ut
356 2260 464 2339 penitus
481 2259 583 2317 sentire
602 2250 767 2317 crederetui.

85 2341 273 2403 Paucioribus
288 2342 413 2401 Drusum
430 2349 457 2401 &
475 2338 561 2399 finem
579 2340 684 2419 Illyrici
702 2360 769 2396 mo-

87 2446 132 2485 tus
150 2423 301 2493 laudavit3
321 2422 375 2483 'sed
393 2424 529 2483 intentior
542 2465 552 2491 ,
564 2428 603 2479 ’δι
625 2418 681 2478 fida
702 2440 768 2477 ora-
811 2486 816 2494 ι

87 2510 171 2567 tione
192 2529 198 2562 ε
217 2507 373 2584 cuneisque
390 2524 451 2584 quoe
468 2502 653 2562 Germanicus
672 2499 767 2558 indul-

86 2608 185 2655 serat,
211 2585 353 2653 servavit,
379 2588 465 2644 etiam
491 2579 565 2664 apud
589 2582 769 2642 Pannonicos

86 2688 236 2731 exercitus.

127 2750 213 2812 LIII.
228 2746 339 2812 Eodem
354 2768 429 2809 armo
439 2746 513 2810 turia
526 2764 684 2829 supremum
691 2740 769 2804 diem
