2075 3659
253 291 300 357 94
376 263 413 331 C.
441 264 592 334 Coum
623 265 806 334 TAcht

292 385 421 445 XXVII.
448 384 507 444 Sub
537 384 612 444 idem
641 405 750 464 tempus
775 405 790 442 e
817 383 935 449 familia‘

252 467 466 528 Scriboniorum
493 465 570 526 Libo
593 467 699 526 Drusus
721 466 844 526 defertur
863 489 931 526 mo-

252 551 298 610 liri
310 570 352 608 res
365 569 461 606 novas.
480 547 549 625 Ejus
567 550 678 646 negotii
697 548 830 615 initium,
852 550 931 608 otdi-

252 652 335 700 nem,
349 627 450 698 finem,
472 628 591 689 curatius
603 597 762 700 disseram3
781 630 848 709 quia
867 650 931 690 tum

251 708 374 792 primdm
394 730 500 790 reperta
520 731 610 779 sunt,
632 731 692 791 quae
712 731 759 790 per
779 729 829 770 tot
839 733 931 772 annos

251 793 380 888 rempub.
406 791 529 852 exedere.
555 793 675 852 Firmius
703 791 794 852 Catus
817 813 932 853 senator

253 895 287 935 ex
301 877 403 934 intima
420 873 540 933 Libonis
559 875 702 944 amicitia,
722 879 855 952 juvenem
876 877 933 933 im-

252 956 404 1038 providum
419 963 446 1014 &
466 953 580 1014 facilem
600 955 752 1024 inanibus,
778 955 815 1014 ad
839 953 932 1016 Chal

253 1037 377 1097 daeorum
394 1037 547 1130 promissa,
568 1037 724 1119 Magorum
744 1057 835 1108 sacra,
855 1059 935 1097 som

253 1120 366 1180 uiorum
393 1119 481 1177 etiam
504 1118 666 1198 interpretes
692 1119 836 1197 impulit.
861 1119 933 1180 duur

248 1222 385 1274 proavum
403 1199 584 1274 Ponpeiam,
605 1201 720 1260 amicam
738 1198 931 1272 Scriboniam,

252 1303 309 1357 quae
329 1284 462 1359 quondam
479 1278 595 1419 Anglii
612 1283 729 1359 conjunx
738 1282 851 1358 ficerat
869 1305 933 1340 con-

253 1363 378 1422 sobrinos
389 1365 522 1433 Caesares,
525 1386 544 1436 p
558 1385 636 1420 enam
645 1362 811 1440 imaginibus
821 1365 933 1422 domam

253 1443 398 1514 ostentat,
420 1441 603 1523 hortaturque
635 1442 672 1502 ad
701 1445 798 1502 luxum
831 1451 859 1502 &
896 1467 933 1505 aes

252 1527 394 1594 alienum,
409 1527 499 1584 socius
511 1523 663 1584 libidinum
677 1533 703 1583 δι
714 1525 932 1599 necessitatum,

254 1629 312 1688 quo
300 1606 446 1685 pluribus
459 1605 571 1666 indiciis
585 1606 724 1687 inligaret.

293 1687 411 1746 XXVII
384 1687 435 1746 ΠΙ.
454 1688 498 1747 Ut
511 1708 578 1748 satis
596 1684 725 1756 testium,
745 1696 772 1748 &
791 1688 840 1768 qui
859 1691 933 1749 servi

253 1751 353 1831 cadem
388 1789 558 1837 noscerent,
589 1771 719 1848 repetit,
751 1769 860 1830 aditum
895 1771 934 1830 ad

253 1851 408 1932 principem
432 1847 570 1928 postulat,
595 1848 786 1914 demonstrato
813 1853 933 1911 crimine

253 1941 282 1995 &
301 1953 349 1990 reo
370 1952 418 2011 per
437 1931 570 1992 Flaccum
587 1933 784 1994 Vescularium
806 1934 932 2012 equitem

255 2014 439 2086 Romanum,
461 2015 507 2072 cui
523 2015 637 2094 propior
653 2035 717 2074 cum
730 2013 850 2072 Tiberio
867 2036 934 2076 usus

255 2116 322 2162 erat.
350 2059 445 2156 Casei
473 2095 610 2156 indicium
642 2092 717 2156 haud
748 2115 934 2174 aspernatus,

254 2199 416 2272 congressus
449 2177 583 2238 abnuit:
603 2199 686 2252 posse
712 2178 811 2246 citima
841 2181 934 2237 eodem

253 2260 351 2319 Flacco
382 2260 575 2328 internuncia,
603 2281 739 2320 sermones
772 2281 932 2319 commeare.

254 2336 350 2420 Atque
358 2360 470 2398 interim
478 2340 619 2398 Libonem
629 2360 711 2403 ornat
725 2359 855 2418 praetura,
866 2363 934 2401 con

253 2363 375 2485 ridibus
388 2419 524 2490 adhibet,
536 2441 595 2486 uon
607 2421 687 2484 vultu
703 2421 857 2492 alienatus,
871 2445 933 2484 non

254 2504 346 2564 uerbis
373 2505 546 2563 commotior
568 2503 701 2574 (adeo
695 2525 766 2562 iram
789 2468 932 2563 condide-

254 2595 328 2660 rat)
350 2588 505 2666 cunctaque
525 2590 581 2665 ejus
598 2583 672 2644 dicia
693 2583 823 2665 fidaque
842 2607 933 2666 quum

255 2667 401 2747 prohibere
430 2686 551 2746 posset„
566 2668 635 2728 scire
656 2667 781 2727 madebat
807 2691 813 2723 t
841 2667 935 2726 donec

255 2749 354 2812 Junius
366 2748 483 2830 quidam
494 2767 633 2820 tentatus,
647 2769 678 2810 ut
685 2747 808 2810 infernas
818 2749 936 2813 umbras
