2075 3659
263 259 510 352 Anniano
534 264 619 332 er.
644 262 674 331 t.
760 284 798 355 35

116 388 239 469 feriret,
258 384 460 455 hortabantru3
475 394 502 445 &
515 386 596 445 miles
609 386 725 444 nomine
736 386 803 447 Ca-

124 469 260 537 lusidius,
272 466 396 527 stridlum
410 467 515 525 obtulit
527 467 672 550 gladium,
684 467 804 541 addito,

124 552 274 611 acutiorem
287 570 356 609 esse.
372 550 483 629 Servum
498 548 547 618 id,
558 548 683 628 malique
702 551 805 623 motis,

125 635 214 695 etiarn
237 630 392 691 furentibus
410 630 524 699 visum3
541 652 574 688 ac
587 630 709 709 spatium
729 628 803 702 fuit,

124 736 185 795 quo
216 712 310 773 Caesar
337 712 374 773 ab
405 712 505 769 amicis
535 713 565 770 in
593 710 804 773 tabernaculum

123 816 274 876 raperetur.

167 876 309 937 XXXVI.
325 869 529 935 Consultatum
547 872 638 933 ibide
653 875 780 935 remedio
794 896 806 935 r

126 960 234 1019 etenim
250 957 432 1017 nuntiabatur
445 957 544 1028 parari
556 957 678 1033 legatos,
691 958 739 1033 qui
753 980 803 1016 su·

122 1040 258 1114 periorem
271 1038 416 1097 exercitum
431 1039 468 1094 ad
481 1058 592 1095 curuum
610 1042 730 1096 eamdem
743 1058 804 1099 rra-

126 1120 221 1181 herem
239 1146 248 1179 :
268 1120 427 1199 destinatum
444 1120 553 1177 excidio
577 1118 711 1177 Ubiorum
726 1122 803 1194 oppi-

126 1205 190 1261 dum
209 1226 219 1261 .·
240 1204 406 1277 imbutasque
419 1203 511 1273 praedd
526 1220 644 1269 manus,
665 1202 695 1259 in
711 1204 804 1277 direp-
858 1260 861 1265 ,
943 1246 948 1253 ,

127 1285 231 1343 tionem
253 1283 412 1341 Galliarum
429 1299 578 1355 erupturas.
597 1282 732 1363 Augebat
746 1304 805 1341 me-

127 1384 191 1425 tum
223 1384 324 1447 gnarus
355 1363 492 1421 Romane:
521 1361 694 1432 seditionis,
724 1372 752 1423 &
780 1367 805 1425 si

126 1448 306 1507 omitteretur
327 1446 409 1523 ripa,
430 1446 576 1502 invasuros
596 1441 709 1513 hostis:
727 1448 806 1507 acsi

126 1528 234 1589 auxilia
258 1537 285 1587 δι
299 1528 371 1585 socii
393 1525 540 1585 adversum
564 1524 737 1591 abscedentis
757 1528 805 1586 le-

128 1612 229 1694 giones
247 1626 434 1677 armarentur,
452 1608 534 1667 civile
553 1606 658 1665 bellurn
678 1610 808 1689 suscipi:

128 1692 284 1773 periculosa
311 1691 462 1758 severitas3
487 1690 630 1770 flagitiosa
656 1688 806 1773 largitio:

127 1794 177 1834 seu
190 1770 264 1833 nihil
274 1772 374 1841 militi,
388 1790 435 1831 seu
450 1773 549 1831 omnia
566 1770 804 1846 concederentur,

127 1859 159 1916 in
177 1856 294 1935 ancipiti
314 1852 420 1931 respub.
437 1852 528 1934 igitur
542 1849 679 1912 volutatis
690 1855 763 1914 inter
775 1876 805 1915 se

128 1936 307 2003 rationibus,
334 1934 468 2013 placitum
481 1934 522 1993 'ut
540 1932 661 2012 epistolae
686 1938 805 1996 nornine

128 2020 262 2103 principis
278 2016 459 2101 scriberentur
474 2036 482 2107 ξ
494 2015 673 2073 missiornem
684 2018 747 2073 dari
756 2019 806 2077 νί-

128 2122 197 2161 cena
207 2098 341 2181 stipendia
354 2097 480 2155 meritis.-
493 2097 664 2154 exauderari
675 2098 724 2173 qui
738 2121 807 2160 seno

129 2186 201 2243 dena
218 2180 374 2259 fecissent,
399 2200 432 2236 oc
458 2177 570 2235 retineri
592 2176 642 2235 sub
669 2180 774 2239 vexillo
792 2229 806 2253 ,

128 2282 274 2323 cetetonem
286 2262 436 2329 irnmunes,
448 2260 508 2317 nisi
515 2260 696 2335 propulsandi
704 2262 807 2344 hostis:

129 2348 220 2427 legata
231 2360 289 2419 quo
298 2342 455 2416 petiverant
466 2342 576 2400 exsolvi
588 2343 783 2419 ιίιφὶἰιανὶᾳιιι.

171 2422 510 2484 XXXVILSeusirmiles
518 2424 548 2481 in
556 2443 664 2502 ternpus
672 2422 808 2497 conficta,

129 2507 282 2586 statimque
301 2507 441 2587 flagitavit
463 2527 469 2560 :
492 2505 589 2563 missio
609 2525 658 2584 per
678 2506 807 2565 tribunos

128 2606 287 2650 maturatur
302 2608 308 2642 :
323 2587 437 2669 largitio
451 2582 632 2644 differebatur
645 2586 676 2643 in
688 2584 806 2647 hiberna

128 2676 272 2750 cujusque.
293 2668 364 2727 Non
386 2666 540 2726 abscessere
568 2668 698 2747 quintani
721 2688 806 2729 unet-

128 2752 377 2833 vicesimanique,
398 2748 492 2810 donec
525 2748 632 2889 iisdenlr3
652 2748 682 2805 in
707 2746 806 2810 estivis

652 2850 681 2910 Vl
