2075 3659
242 278 312 363 176
368 275 405 343 C.
435 274 585 343 Conna.
616 274 825 341 Tractat

238 397 329 460 Julius
351 392 459 467 Indus,
484 416 501 453 e
522 395 639 455 civitate
665 393 766 453 eadem
780 439 793 464 ‚
818 394 928 460 discors

238 478 346 549 floro,
365 487 393 537 &
414 476 453 535 ob
473 474 504 535 id
528 474 664 535 navandae
681 496 771 555 operae
790 477 908 537 auidior
917 492 934 551 ,“

239 558 419 619 inconditam
447 557 661 617 multitudinem
687 554 781 616 adhuc
804 557 930 637 disjecit.

222 641 338 702 'florus
358 641 469 700 incertis
482 638 599 699 latebris
618 640 737 699 viliores
759 636 930 713 frustratus,

240 719 406 804 postremi),
431 722 498 782 visis
514 719 674 791 militibus,
695 722 744 801 qui
758 716 818 779 effu
841 722 870 779 'a
885 724 931 781 in·

240 802 392 874 sederant,
414 824 462 863 sua
480 823 570 862 manu
587 793 698 862 cecidit.
719 801 804 883 Isque
819 740 932 865 gltere·

241 886 294 945 sici
315 882 450 945 tumulttis
471 880 544 944 finis.

283 966 392 1027 XLIII.
405 965 489 1045 Apud
497 964 611 1026 AEduos
618 970 712 1045 major
718 963 811 1025 moles
818 980 935 1041 exorta,'

244 1044 354 1127 quantb
389 1048 487 1107 civitas
516 1048 701 1128 opulentior,
735 1056 764 1107 &
797 1051 933 1128 compti·

160 1144 163 1151 ·
244 1128 343 1209 mendi
363 1128 460 1208 procul
480 1130 647 1209 ptaesitlium.
669 1127 933 1211 Augustodunum,

245 1231 330 1290 caput
345 1212 457 1293 gentis,
479 1214 594 1272 armatis
614 1208 780 1270 cohortibus
797 1211 937 1273 Sacrovir

244 1312 456 1373 occupaverat,
479 1294 689 1353 nobilissimam
708 1292 872 1353 Galliarum
886 1316 938 1354 su·

247 1373 368 1444 bolem,
386 1372 549 1434 liberalibus
573 1372 669 1433 studiis
691 1372 734 1431 ibi
757 1394 935 1453 operatam,

247 1475 279 1515 ut
313 1476 348 1515 eo
381 1457 499 1538 pignore
525 1476 674 1535 parentes,
701 1456 940 1537 propinquosque

245 1557 347 1596 eorum
369 1536 536 1619 adjungeret
564 1560 571 1593 t
600 1536 684 1595 suntrl
711 1556 791 1596 arma
819 1539 940 1598 occultb

151 1634 155 1647 ’
246 1616 388 1680 fabricata
409 1620 550 1697 juventuti
570 1617 705 1698 dispertit.
730 1616 937 1703 Quadraginta

247 1700 341 1759 millia
366 1698 465 1769 fuere,
490 1702 590 1781 quinta
610 1701 653 1759 sui
670 1719 747 1778 parte
766 1698 958 1782 legionariis¹
1029 1707 1030 1710 ’

247 1783 334 1842 armis
353 1804 362 1852 3
390 1783 473 1840 ceteri
502 1802 568 1840 cum
591 1780 737 1841 venabulis
759 1789 788 1840 &
813 1783 936 1853 cultris,

272 1884 367 1944 uaeque
391 1862 447 1921 alia
476 1862 647 1925 venantibus
676 1863 731 1922 tela
760 1882 828 1922 sunt
851 1888 859 1921 ε
884 1864 938 1924 ad-

246 1884 355 2005 iuntur
386 1964 401 2003 e
429 1946 548 2005 servitiis
578 1944 741 2027 gladiatura:
777 1941 938 2018 destinati,

249 2026 377 2109 quibus,
400 2047 478 2086 more
501 2027 616 2109 gentico
631 2073 654 2095 ,.
673 2025 843 2087 continuum
872 2026 938 2087 ferri

251 2110 379 2191 tegimen
401 2109 622 2183 (Cruppcllarios
641 2116 765 2182 vocant)
782 2107 940 2168 inferendis
1013 2106 1020 2121 ⁸

252 2190 356 2251 ictibus
369 2188 540 2261 inhabiles,
568 2189 739 2268 accipiendis
757 2192 937 2269 impenetra-

252 2269 324 2345 biles
356 2295 363 2328 :
397 2270 573 2353 augebantur
605 2268 652 2331 bae·
668 2273 756 2351 copiae
776 2274 939 2332 vicinarum

252 2353 421 2421 civitatum,
438 2372 468 2411 ut
483 2351 612 2414 nondum
626 2373 721 2431 aperta
734 2355 939 2425 consensione,

251 2432 295 2493 ita
315 2434 423 2492 uiritim
442 2435 580 2513 promptis
592 2432 712 2505 studiis,
734 2444 762 2495 δι
784 2437 941 2495 certamine

251 2512 359 2577 ducum
383 2514 608 2587 Romanorum,
640 2538 712 2597 quos
742 2518 815 2576 inter
843 2517 941 2575 ambi-

255 2597 397 2680 gebatn3
425 2616 545 2679 utroque
571 2596 753 2657 bellum'sibi
774 2618 910 2677 poscente
931 2620 941 2654 t

192 2725 196 2739 ,
256 2701 326 2825 giij?
350 2678 465 2759 Yarro,
491 2678 632 2745 invalidus
661 2676 772 2744 sensili
784 2725 798 2752 ,
828 2679 942 2765 vigenti

310 2782 330 2822 o
351 2780 495 2834 concessit.
