2075 3659
262 302 330 365 104
383 278 420 345 C.
450 278 591 345 corn.
624 206 807 343 Taciti

261 398 352 457 donec
381 398 487 455 crinem
517 394 692 474 barbamque
721 395 900 473 promitteret
933 420 940 458 t

261 500 330 538 nam
347 498 428 537 aetate
446 486 474 536 &
492 474 586 535 forma
605 472 679 535 haud
695 474 826 535 dissimili
839 478 870 535 in
891 477 942 535 do-

261 550 373 619 minum
395 578 454 617 erat
476 580 482 613 :
507 578 568 616 tum
591 577 637 636 per
656 555 773 615 idoneos
794 566 822 615 &
844 561 943 619 secreti

262 631 322 719 ejus
341 637 452 709 socios,
478 638 624 697 crebrescit
648 639 742 697 uiuere
763 636 942 715 Agrippam,

263 722 383 781 occultis
397 718 519 799 primdm
533 718 726 789 sermonibus,
744 738 775 777 ut
791 720 883 777 vetita
897 742 944 779 so-

262 805 345 873 lent,
370 824 438 860 mox
462 822 538 883 vago
561 822 672 859 rumore
694 798 769 877 apud
790 802 945 879 imperitis-

263 885 330 943 simi
338 888 476 962 cujusque
495 901 640 961 promptas
656 900 753 951 aures,
768 901 817 941 aut
835 902 945 943 rursum

263 965 340 1044 apud
368 962 515 1030 turbidos,
541 959 632 1042 edque
658 983 733 1020 nova
761 963 907 1041 cupientes
936 987 944 1021 ι

263 1065 351 1124 atque
369 1047 427 1123 ipse
449 1043 525 1101 adire
548 1044 700 1121 municipia
723 1041 844 1101 obscuro
869 1043 945 1115 diei,

263 1147 358 1205 neque
386 1125 532 1207 propalam
562 1124 688 1203 adspici,
720 1144 811 1203 neque
841 1123 946 1188 diutius

263 1206 367 1265 iisdem
398 1206 468 1263 locis
499 1229 506 1261 z
535 1204 583 1263 sed
612 1206 679 1285 quia
705 1205 807 1264 veritas
830 1205 893 1264 visu
920 1215 946 1267 δι

266 1285 369 1357 morai,
387 1286 457 1346 falsa
480 1283 659 1347 festinatione
680 1294 707 1345 &
729 1288 841 1345 incertis
860 1287 948 1346 vales-

230 1430 239 1441 *
264 1390 356 1447 cunt,
388 1367 568 1449 relinquebat
595 1367 729 1438 famam,
760 1388 810 1427 aut
841 1388 947 1447 prave·

266 1450 373 1513 aiebat.

308 1532 371 1593 XL.
396 1531 578 1614 Vulgabatur
609 1532 721 1589 interim
750 1550 798 1611 per
831 1530 948 1591 ltaliam

267 1633 407 1674 servatum
424 1634 531 1671 munere
549 1610 626 1671 decim
644 1610 798 1689 Agrippam
820 1634 826 1667 ε
852 1612 948 1671 crede-

268 1694 352 1753 batur
372 1694 473 1751 Romae
498 1717 504 1747 :
528 1697 642 1773 jamque
665 1690 778 1751 Ostiam
802 1692 948 1753 invectum

267 1773 423 1833 multitudo
437 1775 556 1855 ingens,
576 1779 635 1852 jam
655 1775 685 1831 in
699 1772 766 1833 urbe
783 1772 949 1834 clandestini

267 1876 358 1923 coetus
378 1854 556 1913 celebrabant
577 1878 583 1911 :
605 1876 692 1935 quum
716 1853 867 1914 Tiberium
893 1879 947 1917 an-

267 1957 334 2017 ceps
358 1958 422 1995 cura
450 1933 616 2006 distrahere,
641 1938 706 1994 vine
729 1936 855 1995 militum
889 1960 947 1997 ser-

269 2039 339 2079 vum
357 2039 437 2077 suum
457 2038 614 2087 coerceret,
635 2038 671 2075 an
694 2019 808 2075 inanem
829 2018 950 2079 creduli·
1024 2020 1025 2111 l

270 2119 360 2159 tatem
389 2120 514 2178 tempore
544 2102 604 2177 ipso
633 2119 779 2157 vanescere
809 2100 916 2160 sineret
942 2124 948 2157 :
1024 2114 1025 2179 l

269 2178 360 2248 modi)
379 2177 451 2238 nihil
478 2178 681 2259 spernendum,
700 2177 790 2239 modo
806 2201 867 2239 non
890 2203 952 2239 om·
1024 2190 1025 2251 ξ

268 2263 318 2323 nia
339 2259 513 2330 metuenda,
535 2260 685 2341 ambiguus
706 2260 818 2339 pudoris
836 2282 868 2319 ac
894 2284 951 2321 me·
1024 2292 1025 2327 3

270 2339 316 2400 tiis
345 2340 493 2420 reputabat
523 2364 529 2396 ι
553 2338 694 2420 postremi)
722 2341 771 2401 dat
798 2344 951 2425 negotium
1024 2348 1025 2377 ³

269 2418 403 2481 Sallustio
433 2419 537 2501 Crispo
562 2445 568 2478 :
597 2420 643 2480 ille
666 2443 681 2480 e
706 2422 857 2481 clientibus
882 2424 952 2485 duos
1024 2434 1025 2495 ξ

271 2503 419 2585 (quidam
439 2503 544 2562 milites
566 2502 649 2563 fuisse
670 2503 782 2563 tradunt
799 2511 812 2576 )
828 2502 952 2588 deligit,

270 2605 357 2666 atque
377 2580 504 2645 hortatur
525 2630 536 2653 ,
556 2583 686 2643 simulati
709 2582 884 2645 conscientia
906 2587 952 2645 ad·

271 2687 360 2738 eant,
389 2662 510 2726 offerant
536 2668 709 2745 pecuniam,
730 2664 836 2737 fidem,
867 2688 952 2747 atque

270 2748 391 2827 pericula
400 2749 593 2831 polliceantur.
602 2747 797 2831 Exsequuntur
807 2767 839 2809 ut
845 2752 951 2829 jussum
