2075 3659
253 264 322 333 2-32
375 244 419 312 C.
448 243 599 313 coru.
631 244 839 311 Tarm

249 360 351 445 potest.
371 362 461 446 Igitur
482 381 514 423 ut
535 362 626 430 olim,
648 361 731 441 plebe
747 361 868 433 valida,
889 358 935 423 vel

253 465 342 525 quum
371 448 471 524 patres
488 443 643 523 pollerent,
678 443 826 503 noscenda
860 444 937 526 vulgi

252 516 372 597 itatuta,
394 534 422 585 δι
438 523 656 607 quibusmodis
677 544 872 605 temperanter
888 522 937 584 ha·

253 604 387 675 beretur;
413 602 581 687 semttisque
601 614 630 665 δι
650 606 843 685 optimatium
865 608 938 689 inge·

252 688 303 751 nia
312 690 362 768 qui
374 688 497 746 maxime
511 686 735 765 perdidicerant,
749 687 856 747 callidi
865 708 938 747 tem·

253 788 355 849 porum
375 777 402 829 δι
422 769 560 849 sapientes
579 767 765 827 credebantur
790 770 860 827 :sie
878 790 939 827 con·

253 869 334 909 verso
354 848 452 918 statu,
473 870 564 931 neque
590 851 648 909 alia
667 868 783 920 rerum,
833 848 940 909 uam'ti

255 950 327 992 unus
349 930 509 1009 imperitet,
529 928 587 990 haec
606 932 735 1011 conquiri
760 871 897 1011 tradique
912 931 942 989 in

255 1030 316 1071 tem
334 1011 419 1073 fuerit
439 1034 445 1067 t
466 1013 535 1092 quia
550 1014 634 1091 pauci
651 1009 805 1092 prudentii
828 1008 940 1071 honesta

255 1092 294 1151 ab
319 1092 523 1164 deterioribus,
543 1094 625 1153 utilia
649 1093 687 1151 ab
714 1094 813 1152 noxiis
838 1092 940 1152 discet-

255 1193 349 1243 nunt3
380 1173 470 1255 plures
497 1175 619 1233 aliorum
648 1175 757 1233 eventis
793 1172 937 1235 docentur

256 1252 391 1315 Cetettim
402 1277 435 1315 ut
447 1253 610 1331 profutura,
620 1256 661 1315 ita
674 1257 836 1314 minimum
848 1255 942 1315 oblec-

255 1338 373 1397 tationis
401 1334 563 1397 adferunt:
590 1358 658 1396 nam
689 1339 759 1397 situs
788 1339 943 1419 gentium,

255 1418 405 1479 varietates
432 1418 620 1497 proeliorum,
652 1418 720 1477 clari
752 1417 863 1477 ducum
889 1419 942 1476 eri·

257 1515 321 1571 tus,
352 1501 475 1560 retinent
508 1521 542 1557 ac
565 1499 763 1583 redintegrant
786 1500 943 1583 legentium

252 1582 408 1641 animum:
426 1602 477 1639 nos
489 1602 561 1641 saeva
577 1586 672 1660 jussa,
692 1583 850 1641 continuus
866 1600 943 1641 accu-

255 1663 397 1733 sationes,
417 1661 532 1721 fallaces
548 1664 707 1733 amicitias,
728 1662 889 1742 pemicicrn
906 1664 943 1720 in·

257 1744 445 1813 nocentium,
470 1753 497 1803 &
517 1743 632 1801 easdem
654 1746 733 1804 exitu
752 1765 853 1804 causas
875 1764 941 1801 con-

256 1826 423 1907 jungimus3
445 1824 533 1884 obvia
561 1846 654 1884 rerum
684 1825 898 1895 similitudine,
919 1832 942 1883 le

256 1908 397 1967 satietate.
418 1905 498 1965 Tum
514 1904 595 1988 quod
614 1907 741 1986 antiquis
761 1905 943 1987 scriptoribus

257 1996 344 2049 rarus'
363 1988 571 2057 obtrestator3
606 2008 699 2069 neque
734 1986 822 2047 refert
858 1993 941 2064 cujus·

257 2089 381 2150 quam„
396 2068 515 2129 Punicas
543 2068 729 2128 Romanasvc
759 2070 836 2128 acies
860 2063 943 2127 latiis
1007 2099 1008 2114 κ

257 2152 412 2212 extuleris:
436 2172 465 2212 at
487 2150 645 2213 multorum
664 2152 737 2231 qui,
761 2148 886 2208 Tiberio
904 2167 943 2205 re-

258 2250 364 2313 gente,
379 2251 493 2310 poenam
508 2233 555 2291 vel
569 2230 727 2291 infamiam
745 2230 874 2301 subiere,
888 2248 942 2309 pos-
1007 2263 1008 2308 3

261 2315 312 2373 teri
329 2332 445 2371 manent
468 2336 474 2370 ε
496 2333 586 2394 utque
603 2311 726 2373 familiae
742 2313 808 2391 ipsae
828 2315 889 2389 jam
903 2330 943 2367 ex·
1007 2363 1008 2380 ,

259 2390 364 2455 ffinstae
382 2395 457 2463 sint,
471 2396 588 2473 reperies
605 2395 655 2474 qui
677 2393 717 2452 ob
729 2392 940 2453 similitudinem
1007 2447 1008 2450 ,

258 2495 401 2547 morum,
430 2476 522 2537 aliena
551 2474 707 2535 mulefac'ta
736 2475 791 2535 sibi
812 2470 941 2552 objectari

260 2576 362 2696 putent
382 2578 390 2613 t
414 2559 502 2617 etiam
528 2557 621 2639 glorta
650 2578 683 2616 ac
709 2558 800 2616 virtus
824 2553 941 2613 infensos

285 2639 367 2711 abet,
386 2657 417 2697 ut
437 2641 522 2721 nimis
540 2658 574 2697 ex
596 2640 765 2719 propinquo
783 2636 892 2698 diversa
905 2651 942 2693 ax·

263 2740 360 2803 guens.
373 2718 428 2782 Sed
439 2721 476 2785 ad
485 2723 610 2804 inempta
624 2718 723 2785 redeo.
739 2771 743 2776 .
