2075 3659
193 304 442 376 Auunrron
466 306 552 374 Lm.
577 303 646 375 IV.
699 326 767 392 237

70 448 162 489 sune
179 452 188 487 :
203 450 268 494 num
284 446 339 509 que
348 450 419 489 screto
427 428 584 508 struuntur,
596 429 626 485 si
629 426 772 506 judicium

64 512 252 591 posterorum
270 512 301 571 in
318 512 408 571 odium
427 508 535 577 venit,
550 529 604 581 pro
618 507 769 580 sepulchris

72 608 264 663 spernuntur.
287 592 407 652 Proinde
422 589 533 657 socios,
550 585 687 658 ciues,&
705 592 770 648 deos

76 672 171 745 ipsos
183 694 280 745 precor
296 698 306 731 .·
323 673 392 741 hos,
413 688 442 729 ue
457 668 529 727 milei
542 672 580 731 ut
590 672 677 748 finem
689 691 772 747 usque

77 754 182 822 vitre,
200 754 318 829 quietam
339 750 365 814 fit
385 751 580 829 intelligentem
598 750 713 808 lemnoni
730 752 773 810 di·

80 834 208 911 ¹uinique
216 836 294 915 juris
309 852 423 894 mentem
438 833 517 890 duint
522 854 536 903 ;
549 832 633 899 illos,
649 848 679 888 ut
690 852 773 908 quon·

81 918 179 990 doque
199 937 373 984 concessero,
394 933 453 973 cum
474 914 553 971 laude
576 909 604 971 ξ)
623 912 703 970 boreis
724 934 771 971 re-

82 996 316 1067 cordationibus,
331 998 409 1075 falla
430 1012 508 1071 atque
522 994 632 1071 fernam
650 994 773 1053 nominis

85 1078 155 1137 mei
171 1096 374 1154 prosequantur.
395 1073 572 1155 Perstititque
594 1071 709 1153 posthac
730 1094 775 1133 se-

86 1160 181 1217 cretis
206 1159 293 1218 eriam
311 1156 484 1218 sermonibus
506 1156 666 1234 adspernari
686 1154 774 1215 talem

88 1241 142 1299 sui
166 1238 273 1299 cultum
296 1238 398 1319 :quod
416 1238 466 1297 alii
480 1238 651 1317 modestiam,
671 1238 775 1308 multi,

88 1320 165 1397 quia
180 1320 330 1398 diffideret,
351 1318 487 1399 quidam,
508 1336 539 1373 ut
556 1317 693 1395 degeneris
712 1319 777 1375 ani-

88 1402 157 1470 mi,
171 1400 430 1481 interpretabamur.
448 1397 584 1471 Optumus
596 1399 691 1473 quippe
704 1418 779 1457 mor-

90 1484 202 1541 ialium
218 1482 360 1549 altissimo
377 1502 478 1555 rupere.
498 1476 549 1535 Sic
570 1477 729 1548 Herculem,
750 1475 778 1538 lt

91 1563 230 1624 Liberum
240 1566 313 1639 apud
325 1562 434 1621 Grecos
441 1584 454 1633 ,·
468 1559 617 1650 Quirinum
629 1561 702 1633 apud
707 1580 758 1618 nos
765 1601 778 1629 ,

91 1645 182 1705 decim
207 1660 317 1705 numero
337 1646 455 1703 additos.
484 1638 593 1699 Melius
611 1638 780 1720 Augustum,

94 1728 150 1804 qui
158 1728 321 1800 speraverit.
341 1728 433 1784 Cetera
441 1720 614 1797 principibus
620 1722 716 1803 stetim
730 1726 781 1781 od·

96 1829 163 1867 esse
183 1831 192 1865 :
208 1828 288 1865 unum
304 1804 505 1865 insatiabiliter
513 1806 686 1877 parendum,
699 1824 782 1877 pros·

91 1910 198 1964 peram
208 1889 253 1946 sui
261 1889 435 1953 memoriam:
447 1907 512 1945 narn
522 1901 672 1957 contemptu
676 1885 762 1961 fomes
769 1926 781 1954 ‚

96 1969 243 2029 contemni
257 1969 384 2028 virtutes.

103 2072 112 2083 ·
145 2048 289 2109 XXXIX.
307 2051 347 2107 At
364 2048 481 2123 Sejanus
499 2042 592 2103 nimiis
610 2042 722 2103 fortuni
740 2065 785 2103 so⁴

100 2151 188 2201 cors,
211 2138 239 2189 δι
262 2128 392 2187 muliebri
408 2128 518 2205 insuper
540 2124 669 2205 cupidine
691 2128 785 2185 ineen-

100 2233 174 2281 sus,
200 2211 368 2290 promissum
397 2206 612 2265 matrimonium
637 2208 786 2289 flagitante

101 2290 214 2360 Livio,
238 2290 385 2371 componit
400 2287 436 2347 ad
454 2286 597 2347 Caesarem
614 2287 785 2348 codicillos:

104 2372 198 2433 moris
213 2374 315 2453 quippe
339 2390 399 2431 rum
421 2389 499 2440 erat,
521 2390 696 2451 quamquam
716 2390 787 2449 prae·

105 2472 245 2524 sentem,
271 2454 373 2531 scripto
394 2450 470 2511 adire
495 2457 580 2529 :ejus
603 2452 667 2511 ralis
691 2449 786 2511 mima

104 2534 170 2595 fuit
184 2557 190 2589 τ
203 2534 400 2593 Benevolentio
416 2532 509 2606 patris
529 2528 702 2611 Augusti,&
721 2552 786 2590 mox

104 2616 241 2691 plurimis
263 2614 367 2673 Tiberii
374 2612 494 2695 judiciis
511 2612 554 2669 ito
572 2612 742 2679 insuevisse,
756 2630 787 2670 ut

109 2700 176 2771 'spes
194 2714 310 2773 vseuereque
327 2716 378 2753 sua
397 2714 450 2755 non
461 2691 542 2765 prins
561 2694 598 2751 al
609 2693 690 2758 deos,
707 2690 787 2767 quim

110 2778 311 2853 adpriner'pum
319 2772 545 2851 auresconferrer.
555 2772 650 2850 Neque
652 2772 790 2852 fillgorene
