2075 3659
134 342 138 347 ’
202 334 451 406 AunArrurr
476 333 565 404 Lm.
594 327 659 404 VI.
713 353 780 422 317

92 455 139 519 Id
159 469 247 538 nuper
266 455 427 526 acciderat,
457 453 604 515 Artabano
625 471 780 537 regnante,

93 539 154 620 qui
181 537 293 618 plebem
326 535 493 618 primoribus
517 535 632 594 tradidit
664 557 697 594 ex
729 555 780 594 suo

92 641 154 679 usu
182 641 188 676 ε
216 639 284 678 narn
306 620 405 698 populi
422 619 571 696 imperium
591 621 668 697 junia
687 616 777 676 liber-

93 713 190 760 tatem
202 722 213 769 3
235 711 388 779 paucorum
417 699 577 758 dominatio
599 699 681 781 regia:
707 697 778 756 libi»

92 781 162 840 dini
182 783 298 861 propior
315 779 362 839 est.
386 780 464 839 Tum
480 779 679 839 adventantem
702 777 781 837 Tiri⁴

94 861 187 921 daten
227 861 364 920 extollunt
394 875 520 921 veterum
551 879 650 944 regum
681 857 779 919 hono-

95 943 198 1012 ribus,
226 951 253 1002 &
281 958 352 1024 quos
380 963 475 1001 recens
505 961 570 1002 aetas
602 938 705 1024 largiris
735 942 781 1000 ina

94 1026 202 1085 venit:
223 1025 305 1082 simui
324 1023 425 1103 probra
439 1025 469 1082 in
485 1021 662 1082 Artabanum
682 1019 781 1081 funde-

96 1105 195 1172 bant,
217 1122 339 1164 matema
360 1103 466 1183 origine
490 1104 667 1173 Arsaciden,
692 1118 780 1163 cetera

95 1190 263 1265 degenerem.
281 1185 422 1245 Tiridates
437 1201 496 1244 rem
514 1185 708 1246 Seleucensem
727 1206 781 1264 po-

97 1269 172 1349 pulo
197 1268 342 1345 permittit.
365 1267 441 1326 Mor
465 1267 644 1338 consultans,
666 1287 782 1343 quonam

96 1350 148 1408 die
160 1349 287 1423 solennia
296 1349 371 1426 regni
383 1366 551 1422 capesseret,
564 1348 668 1407 litteras
679 1343 784 1405 Phraa-

96 1432 138 1490 tis
160 1439 188 1489 δι
209 1428 361 1500 Hieronis,
383 1431 432 1510 qui
452 1428 638 1488 validissimas
663 1425 780 1507 prefec-

96 1529 179 1571 tutas
195 1511 386 1580 obtinebant,
404 1511 528 1590 accipit,
550 1509 657 1570 brevem
679 1531 782 1567 moram
842 1571 845 1578 ,

95 1593 287 1674 precantium.
312 1591 532 1671 placitumque,
564 1589 681 1664 opperiri
703 1586 783 1650 viros

90 1674 286 1749 prepollentis
312 1697 322 1730 .·
345 1692 429 1752 atque
455 1674 567 1730 interim
593 1668 780 1750 Ctesiphon,

93 1754 181 1814 sedes
197 1754 326 1834 imperii,
344 1756 450 1834 petita:
467 1752 515 1812 sed
535 1753 584 1813 ubi
603 1753 677 1812 diem
690 1773 723 1811 er
736 1753 783 1812 die

95 1835 298 1916 prolatabant,
318 1836 413 1894 multis
435 1855 532 1894 coram
543 1873 553 1904 ,
576 1842 603 1894 &
624 1835 783 1912 adproban-

94 1917 178 1975 tibus
199 1962 208 1986 ,
232 1917 356 1988 Surena,
385 1919 476 1996 patrio
503 1935 602 1985 more,
632 1915 782 1978 Tiridaten

92 1999 155 2056 insi
179 1999 209 2054 tri
220 1999 301 2079 regio
313 1999 428 2056 evinrit.

174 2077 252 2136 LIII.
277 2077 319 2135 Ac
335 2079 358 2135 si
377 2075 471 2135 statim
493 2079 641 2146 interiora,
666 2097 783 2136 ceteras«

92 2178 156 2240 que
174 2159 303 2216 nationes
316 2158 476 2235 petivieset3
498 2175 626 2238 oppressa
643 2163 781 2217 cuntem·
840 2205 845 2212 .

93 2243 176 2299 tium
199 2237 356 2308 dubitatio,
376 2247 403 2298 &
420 2259 518 2297 ornnes
540 2241 569 2297 in
593 2259 679 2298 uuum
701 2240 783 2299 cede⁴

93 2321 174 2380 bant
194 2342 201 2374 r
221 2317 375 2378 adsidendo
394 2319 562 2391 castellum,
583 2321 613 2379 in
634 2321 711 2402 quod
734 2341 784 2402 ped

97 2403 219 2461 cuniam
242 2410 269 2460 &
292 2401 403 2480 pellices
424 2402 585 2461 Artabanus
605 2405 760 2463 contulerat
770 2447 781 2473 ,

98 2483 184 2542 dedit
195 2483 316 2563 spatium
330 2483 462 2542 exerendi
474 2482 566 2563 padul
580 2483 658 2542 Nam
671 2483 781 2543 Phraa-

99 2583 167 2635 teS,
192 2573 219 2623 &
248 2563 356 2634 Hiero,
389 2572 417 2622 δι
440 2565 463 2623 si
488 2566 540 2643 qui
569 2563 618 2622 alii
644 2564 784 2623 deledium

101 2643 245 2725 capiendo
273 2643 430 2703 diademati
452 2643 529 2704 diem
555 2640 631 2707 haud
651 2647 783 2714 concele-
821 2685 826 2690 -

104 2727 277 2797 braverant,
298 2747 360 2807 pars
380 2742 477 2796 metu,
518 2725 615 2785 uidam
631 2724 738 2785 invidie
755 2729 784 2785 in

104 2807 295 2891 Abdagesen,
320 2808 370 2890 qui
390 2827 488 2870 mma
520 2805 553 2880 Α,
575 2815 702 2950 &Orippo
721 2825 787 2891 tege

654 2909 684 2970 ιι]
