2075 3659
258 298 281 357 6
382 290 419 357 C.
450 290 595 358 Couu.
627 289 818 357 TAcrrr

257 410 366 481 mitur,
387 411 538 491 omnisque
554 430 603 489 per
615 408 752 469 exercitus
766 402 936 467 ostentatura

255 513 317 552 uon
326 492 472 561 obscuris,
485 512 516 553 ut
529 512 612 551 antea
626 538 635 561 ‚
648 490 746 549 matris
757 488 880 559 artibus,
890 488 937 549 sed

257 574 353 654 palam
366 570 490 635 hortatu.
511 573 593 633 Nam
605 592 701 633 senem
712 568 872 653 Augustum
884 570 935 630 de·
1015 615 1016 636 1

256 657 385 717 vinxerat
396 655 488 724 adeo,
504 658 547 715 uti
559 674 693 735 nepotem
706 654 822 712 unicum
832 652 938 735 Agrip·
1015 723 1016 734 χ

256 757 325 816 pam
336 735 502 797 Postumum
515 740 545 796 in
558 737 680 796 insulam
692 735 854 794 Planasiam
867 756 936 815 pro-

256 819 354 897 jiceret
368 842 381 891 ’ς
401 820 499 878 rudem
518 818 587 878 sane
608 819 747 882 bonarum
767 818 891 886 artium,
911 825 938 877 δι

256 900 358 959 robore
386 902 509 979 corporis
532 898 632 958 stolide
657 898 811 966 ferocem,
837 898 937 959 nullius

253 980 353 1041 tamen
368 982 470 1065 flagitii
483 1002 669 1061 compertum.
682 981 724 1041 At
741 978 851 1037 hercule
866 979 938 1040 Ger·
992 1028 995 1031 .

257 1065 403 1123 matricum
425 1064 519 1123 Druso
539 1084 656 1132 ortum,
676 1064 743 1121 osto
765 1060 840 1141 apud
861 1058 938 1120 Rhe-
1015 1071 1016 1078 ’

254 1165 326 1203 rrum
351 1144 511 1228 legionibus
533 1146 691 1225 imposuit,
715 1143 870 1224 adscirique
892 1165 939 1224 per

253 1225 442 1307 adoptionem
464 1248 480 1285 a
500 1223 620 1286 Tiberio
638 1228 742 1307 jussit,
763 1246 938 1307 quamquam
1015 1281 1016 1288 ,

255 1304 322 1367 ellet
343 1310 373 1367 in
391 1307 480 1367 domo
501 1307 612 1367 Tiberii
637 1306 711 1367 filius
733 1308 840 1385 juvenis
862 1330 869 1364 :
890 1308 939 1369 sed

256 1389 315 1470 qub
338 1389 462 1469 pluribus
490 1390 674 1449 munimentis
698 1386 840 1448 insisteret.
868 1388 937 1447 Bel·
1015 1397 1016 1456 s

251 1470 316 1529 lum
339 1492 372 1531 ea
394 1469 558 1551 tempestate
578 1471 710 1540 nullum,
733 1470 786 1529 nisi
809 1468 939 1532 adversus

253 1551 417 1612 Germanos
436 1572 576 1632 supererat
592 1574 602 1624 3
620 1550 765 1611 abolendae
786 1552 878 1633 magis
894 1552 941 1612 in·

255 1630 350 1692 famia:
374 1633 414 1691 ob
437 1630 568 1692 amissum
590 1653 655 1692 cum
676 1632 835 1709 Quiuffllio
856 1632 940 1694 Varo

254 1716 428 1783 exercitum,
446 1713 533 1797 quim
550 1714 681 1795 cupidine
697 1711 857 1793 proferendi
876 1715 939 1773 im,
1015 1779 1016 1786 ἵ

253 1796 347 1875 perii,
362 1816 410 1856 aut
431 1795 551 1879 dignum
568 1796 608 1854 ob
622 1795 776 1876 praemium.
789 1794 881 1854 Domi
898 1817 942 1859 res

255 1877 411 1959 tranquilla:
431 1898 438 1933 ε
459 1876 559 1937 eadem
578 1874 792 1959 magistratuum
811 1877 941 1938 vocabu·
1015 1877 1016 1886 ’

253 1958 291 2018 la,
323 1959 452 2019 Juniores
482 1956 544 2039 post
575 1958 724 2017 Aeliacam
753 1958 906 2017 villoriam
929 2006 941 2031 ,

174 2038 184 2059 ’
254 2042 342 2101 etiam
372 2060 448 2100 senes
475 2040 599 2123 plerique
629 2041 702 2099 inter
727 2038 801 2105 bella
832 2041 942 2101 civium

254 2124 315 2183 nati
335 2146 345 2193 3
367 2142 469 2261 quotus
491 2124 609 2203 quisque
632 2122 781 2206 reliquus,
800 2122 851 2201 qui
878 2142 942 2181 rem

253 2203 321 2284 pub.
342 2204 371 2263 vi
392 2200 475 2263 illet?
765 2274 769 2277 ⁴

294 2284 349 2343 IV.
371 2284 461 2367 Igitur
487 2304 568 2344 verso
591 2284 715 2345 civitatis
738 2280 840 2353 statu,
864 2281 943 2346 nihil
1015 2283 1016 2286 ’

254 2386 373 2447 usquam
399 2367 479 2445 prisci
506 2375 534 2425 &
558 2367 661 2448 integri
682 2367 768 2424 moris
790 2387 797 2421 :
820 2368 941 2437 omnis,

212 2510 219 2517 ,
254 2466 349 2507 exsuta
367 2448 547 2527 aequalitate,
566 2444 635 2527 julla
654 2448 785 2529 principis
804 2450 940 2525 aspecta·

254 2550 283 2588 re
297 2551 306 2599 3
326 2529 403 2589 nulla
423 2530 453 2588 in
470 2550 585 2610 praeseus
599 2522 770 2597 formidine,
787 2525 859 2585 dum
876 2529 943 2587 Au·
1015 2583 1016 2608 3

253 2608 347 2692 gustus
372 2630 453 2671 aetate
479 2610 589 2670 validus
617 2618 748 2691 seque&
769 2607 892 2667 domum
913 2619 942 2670 δι
1015 2625 1016 2658 ῑ

253 2711 353 2770 pacem
369 2690 540 2753 sustentavit.
561 2690 713 2773 Postquam
728 2693 860 2770 proveeta
876 2695 942 2769 jam
1015 2729 1016 2758 3

249 2776 403 2845 senellus,
428 2794 502 2858 aegro
531 2782 559 2834 &
590 2794 705 2856 corpore
736 2772 942 2856 fatigabatur,
