2075 3659
254 263 503 335 AuuArrrru
528 266 612 335 Lm.
637 270 688 337 II.
744 290 808 361 135

127 384 213 469 quod
227 407 291 446 eum
305 386 430 446 maxime
446 388 528 447 novis
543 388 665 447 consiliis
678 387 812 453 idoneam

127 470 264 539 rebatur,
282 492 299 527 a
320 469 444 527 Pacuvio
466 469 563 551 legato
585 472 757 549 praevenitur.
777 472 811 533 Id

129 551 247 612 Sentius
268 551 363 609 Pisoni
378 571 427 629 per
443 551 550 611 litteras
568 554 678 631 aperit,
700 572 815 614 monet·

130 653 190 713 que
203 655 237 691 ne
253 634 338 713 eastra
354 632 573 705 corruptoribus,
590 656 622 693 rte
635 636 816 707 prouinciam

129 714 204 774 bello
223 731 342 772 tentet.-
365 735 495 810 quosque
514 714 680 775 Germanici
704 736 816 775 merno-

130 815 198 866 res,
219 815 269 854 aut
291 796 415 853 inimicis
433 802 492 874 ejus
511 795 640 857 adversos
645 818 812 893 cognove-

131 897 195 946 rat,
217 874 378 946 contrahit,
401 878 652 956 magnitudinem
638 881 815 952 imperatoris

132 922 320 1018 identidem
313 978 459 1041 ingerens,
473 968 500 1019 &
519 960 709 1033 rempublicam
724 963 812 1021 amris

127 1041 220 1115 peri.-
235 1040 399 1121 ducitque
385 1040 510 1100 validam
523 1062 661 1112 manum,
673 1051 699 1101 &
710 1042 814 1123 prttlio

131 1142 273 1202 paratam

176 1202 299 1264 LXXX.
326 1202 388 1261 Nec
406 1204 500 1298 Piso,
519 1225 695 1301 quamquam
718 1226 811 1286 coepta

131 1304 212 1344 secus
235 1284 396 1355 cadebant,
418 1287 517 1344 omisit
538 1288 677 1346 tutissima
702 1308 716 1345 e
743 1308 815 1365 prit-

131 1366 283 1435 sentibm,
301 1365 349 1425 sed
373 1363 516 1426 castellum
537 1366 646 1427 Ciliciae
669 1370 812 1429 munitum

103 1513 108 1517 ,
131 1447 309 1519 admodum,
334 1450 379 1506 cui
396 1468 502 1507 nomen
526 1446 695 1518 Celendris,
719 1470 809 1509 oecu-

128 1550 192 1610 pat.
208 1528 437 1591 Nam-admixtis
450 1530 655 1600 desertoribus,
674 1539 701 1589 δι
721 1532 813 1591 tirone

131 1632 240 1706 nuper
254 1613 441 1689 intercepto,
469 1613 579 1691 tuisque
610 1620 636 1671 &
672 1611 812 1673 Plancinre

131 1694 275 1763 servitiis,
296 1693 400 1754 auxilia
417 1692 544 1753 Cilicum
562 1714 623 1773 quae
644 1694 733 1775 reguli
755 1696 813 1753 mi-

132 1796 254 1844 serant,
275 1776 304 1833 in
325 1794 472 1834 numerum
493 1775 615 1857 legionis
638 1796 811 1853 composue-

133 1877 210 1917 rat:
236 1858 400 1933 Cererisque
423 1858 612 1935 relegatum,
637 1854 811 1949 testabatur,

129 1940 297 2014 provincii,
314 1961 393 2015 quem
409 1938 436 1996 is
451 1940 589 2006 dedisset,
602 1938 708 2007 arceri,
727 1960 780 1995 rrort
793 1960 812 1997 a

131 2019 288 2099 legionibus
311 2024 434 2091 <earum
454 2020 550 2095 quippe
577 2019 665 2077 accitu
679 2014 812 2113 uenire)

128 2106 187 2161 sed
202 2126 221 2160 a
231 2100 347 2170 Sentio,
358 2102 502 2175 priuatum
514 2100 607 2157 odium
618 2098 709 2176 falsis
722 2100 814 2158 crimi-

136 2184 219 2243 nibus
232 2200 360 2261 tegente:
375 2182 571 2263 consisterent
557 2203 587 2239 ιιι
603 2180 678 2252 acie,
692 2200 746 2239 ιιοιι
757 2204 813 2256 pu·

126 2266 264 2345 ,gnaruris
288 2262 449 2334 militibus,
467 2262 516 2321 ubi
533 2262 664 2323 Pisonem
685 2262 753 2321 ab·
741 2265 812 2339 ipsis

135 2366 285 2428 parentem
314 2348 448 2423 quondam
474 2346 669 2419 appellatum,
698 2346 727 2405 si
749 2346 815 2425 jure

135 2447 283 2507 ageretur,
296 2429 452 2498 potiorem,
468 2427 497 2485 si
514 2428 622 2497 amis,
638 2448 693 2485 non
710 2427 814 2485 inuali-

126 2516 224 2581 dum,
240 2510 387 2571 vidissent.
401 2508 479 2570 Tum
494 2528 544 2585 pro
560 2508 743 2571 munimentis
756 2526 816 2566 cas·

127 2593 201 2653 -eelli
230 2590 390 2667 manipulos
414 2588 555 2667 explicat,
578 2590 649 2647 colle
671 2588 759 2647 arduo
786 2596 816 2648 &c

127 2673 286 2758 ’ἂειιιγιος
320 2691 387 2729 nam
423 2689 514 2729 cetera
550 2670 621 2728 mari
655 2670 814 2750 cinguntur

139 2755 253 2819 Contra
275 2752 421 2828 veterani,
448 2750 593 2819 ordinibus
621 2770 655 2813 ιι
684 2749 815 2813 subsidiis
