2075 3659
238 266 485 347 Auuntiuu
508 279 594 347 lto.
618 280 649 347 Ι.
726 303 767 350 21

79 390 298 473 fhlncreturAn
310 400 455 469 pretorius
468 398 609 469 cobortes,
625 420 682 477 quet
692 400 772 461 binos

88 476 218 535 denarios
237 477 408 551 acciperent,
424 501 474 556 quc
489 483 548 557 post
565 483 703 541 sexdecim
722 506 772 541 on·

89 580 141 615 nos
158 558 304 631 penatibus
325 560 385 619 suis
409 564 575 630 reddantur,
588 565 654 636 plus
667 564 775 637 peticu-

89 642 179 697 lorum
200 640 334 713 suscipere
349 644 364 699 ἒ
378 642 445 700 Non
461 642 602 702 obtrectari
620 643 637 701 ὰ
652 666 682 702 se
695 644 775 701 urba-

90 743 143 779 nus
168 721 297 780 excubias
321 721 406 780 :sibi
428 741 518 782 tamen
548 727 620 797 apud
648 724 775 784 horridos

88 820 184 881 gentes
202 825 216 860 e
238 802 421 861 contuberniis
438 804 543 863 hostem
566 806 665 879 aspici.

55 932 61 939 .
133 882 271 943 XVIII.
302 882 487 963 Adstrepebat
522 886 621 969 vulgus
659 885 776 948 diversis

91 966 286 1025 incitamentis
308 989 315 1021 ι
333 963 363 1023 hi
378 966 525 1027 verberum
540 988 643 1038 notas,
666 968 708 1027 illi
726 990 775 1028 ca·

93 1048 196 1105 nitiem
216 1091 227 1115 ,
251 1047 364 1125 plurimi
387 1047 488 1108 detrita
516 1051 694 1133 tegmina&
714 1072 772 1109 nu-

94 1126 165 1185 dum
198 1147 295 1207 corpus
327 1128 531 1208 exprobrantes.
567 1128 710 1189 Postremo
737 1129 775 1191 εὸ

94 1209 197 1269 furoris
226 1230 353 1279 venere,
376 1231 406 1271 ut
433 1232 486 1271 tres
501 1212 631 1295 legiones
660 1213 777 1271 miscere

95 1293 126 1350 in
149 1311 236 1351 unam
262 1294 460 1375 agitaverint:
488 1292 596 1372 depulsi
617 1296 777 1353 aemulatio·

94 1394 151 1443 ne,
172 1375 238 1453 quia
259 1394 313 1433 suae
325 1374 449 1455 'quisque
470 1374 578 1456 legioni
599 1395 663 1434 eum
682 1373 777 1435 hono-

94 1475 157 1513 rem
179 1454 358 1535 quaerebant,
381 1453 439 1515 aiio
460 1476 594 1524 vertunt,
613 1477 697 1536 atque
721 1455 777 1516 uni

96 1557 152 1597 tres
178 1538 285 1616 aquilos
310 1546 337 1597 δε
361 1539 442 1620 signa
466 1534 627 1597 cohortium
651 1538 747 1597 locant
767 1560 777 1596 t

96 1618 184 1678 simul
216 1638 371 1719 congerunt
393 1620 532 1698 cespites,
561 1616 700 1679 exstruum
722 1621 776 1678 tti-

98 1700 211 1771 bunal,
231 1722 289 1781 quo
308 1722 354 1761 ma
377 1702 399 1759 is
421 1702 570 1779 conspicua
596 1699 672 1759 sedes
694 1700 777 1762 foret

98 1782 318 1861 Properantibus
349 1722 448 1843 blesus
473 1781 617 1851 advenit,
646 1783 776 1862 increpa-

99 1864 207 1945 batque
219 1910 228 1935 ,
243 1886 275 1923 ac
287 1865 425 1924 retinebat
441 1864 586 1946 singulos,
607 1863 755 1923 clamitans
767 1908 779 1934 ,

100 1946 172 2005 Mea
193 1946 287 2020 potitis
308 1950 376 2007 cede
394 1946 506 2004 imbuite
529 1966 625 2005 manus
645 1969 655 2000 .·
676 1946 779 2003 leviore

94 2026 211 2109 flagitio
231 2028 346 2105 legatum
367 2026 561 2105 interficietis,
583 2023 663 2100 quien
680 2025 714 2081 ab
727 2026 780 2082 imss

96 2127 224 2185 peratore
240 2108 403 2167 desciscitis.
418 2107 478 2167 Aut
492 2106 635 2163 incolumis
642 2106 725 2181 fidem
738 2107 779 2164 le-

99 2194 215 2270 gionum
229 2188 367 2249 retinebo:
382 2206 429 2246 aut
437 2188 581 2267 jugulatus
588 2187 781 2261 punitentiaen

101 2270 269 2333 adcelerabo.
775 2303 778 2312 ·

104 2390 107 2395 ·
143 2353 174 2413 X
189 2353 202 2412 I
216 2352 253 2411 X.
287 2351 484 2435 Aggetebatur
511 2347 697 2412 nihilominus
728 2372 778 2409 cea

101 2456 164 2517 spes
185 2481 196 2504 ,
226 2422 339 2515 jainque
361 2435 465 2513 pettori
486 2452 572 2513 usque
592 2432 780 2503 adcrevetat,

103 2538 194 2597 quum
219 2516 333 2575 tandem
360 2512 514 2594 pervicaci&
535 2515 603 2572 viui
626 2515 780 2591 iocoeptum

103 2602 233 2659 omisere.
255 2598 353 2657 Blzsus
375 2597 464 2657 multa
483 2593 596 2653 dicendi
613 2613 670 2653 arte
682 2638 694 2660 ,
715 2593 781 2651 Non

98 2703 152 2755 per
170 2681 332 2740 seditionem
350 2676 376 2737 ἃ
395 2677 486 2737 turbas
508 2677 643 2735 desideria
661 2673 782 2733 militum

102 2766 142 2825 ad
160 2766 292 2825 Catacem
301 2761 439 2840 ferenda,
458 2762 498 2823 ait
514 2778 613 2835 :neque
630 2755 797 2819 uetetcsab·
