2075 3659
255 280 501 351 Aunurrtsu
527 283 611 351 ltu.
636 284 667 352 1.
746 308 785 367 31

111 400 337 470 moderabatur,
360 423 455 461 mente
481 403 618 485 ambigua
645 401 790 464 fortunam

112 482 257 543 seditionis
278 483 374 543 aliena
391 485 607 564 speculabantur
626 482 790 546 :inferioris

108 566 246 623 exercitus
270 565 350 623 miles
375 570 405 625 'tn
427 564 536 625 rabiem
563 565 706 645 prolapsus
727 563 766 623 est
778 611 790 638 ,
871 555 878 571 ⁹

106 665 174 705 orto
197 644 233 703 ab
254 648 499 706 unetvicesimanis
521 647 720 727 quintanisque
736 648 790 705 ini-

111 728 171 795 tio,
198 734 226 787 &
243 728 338 787 stadiis
363 726 454 806 primii
473 748 586 807 quoque
601 748 633 786 ac
653 728 791 788 vicesimi

109 807 136 867 le
158 807 271 867 ionibus
294 828 385 867 :nam
403 808 502 867 iisdem
516 807 615 867 estivis
635 809 666 866 in
687 806 790 870 finibus

108 828 256 949 Ubiorum
284 886 461 949 habebantur
476 936 488 959 ,
516 891 708 969 peronam,
740 911 790 953 aut

107 970 185 1029 levia
208 972 314 1029 munia.
337 970 427 1064 igitur
449 970 548 1031 audito
570 968 788 1055 meringum,

110 1051 259 1111 vernacula
282 1052 456 1121 multitud0,
475 1074 563 1133 nuper
584 1056 649 1112 ad'to
672 1054 702 1111 in
720 1050 789 1112 urbe

111 1132 246 1203 dselediu,
269 1132 388 1193 lasciviae
405 1155 505 1209 sueta,
524 1134 655 1194 laborum
676 1134 786 1193 intole-

107 1220 207 1284 rans,
239 1214 354 1293 implere
381 1234 534 1287 ceterorum
559 1214 640 1275 rudes
665 1217 787 1277 animos.

116 1296 237 1355 Venisse
249 1314 371 1369 tempus,
380 1318 430 1371 quo
438 1288 564 1363 vetirani
576 1315 710 1355 maturam
719 1299 787 1356 mis-

107 1378 236 1445 sionem,
250 1378 370 1457 juvenes
387 1378 508 1456 largiora
522 1378 681 1458 stipendia,
701 1380 788 1438 cundi

107 1461 218 1519 modum
226 1458 397 1516 miseriarum
405 1458 789 1537 exposcerem‚sauitiamque

107 1540 296 1597 centurionum
314 1540 514 1598 ulciscerentur.
536 1538 608 1598 Non
624 1558 694 1598 unus
709 1536 787 1611 hec,

105 1641 139 1680 ut
162 1620 341 1679 Pannonicas
358 1622 430 1679 inter
451 1620 577 1703 legiones
600 1620 788 1693 Percennius,

107 1722 160 1760 nec
179 1700 255 1781 apud
267 1700 386 1779 trepidas
401 1703 526 1761 militum
539 1722 619 1761 aures
634 1702 705 1761 alios
714 1702 790 1761 vali-

107 1782 201 1842 diores
221 1784 355 1842 exercitus
378 1784 610 1863 respicientium,
631 1782 679 1842 sed
697 1783 789 1843 multa

107 1865 258 1925 seditionis
270 1885 319 1923 ota
329 1884 468 1945 vocesque
483 1887 489 1920 :
505 1886 557 1923 sua
567 1866 599 1921 in
610 1886 692 1922 manu
702 1864 804 1923 sitam·

107 1968 164 2005 rem
179 1945 353 2014 Romanam,
365 1948 424 2005 suis
432 1946 558 2005 villariis
569 1946 662 2022 augeri
669 1945 787 2018 rempub.

108 2029 138 2087 in
150 2050 232 2085 suum
245 2046 449 2104 cognomentum
465 2026 584 2084 adscisci
599 2027 786 2097 imperatores.

148 2107 304 2167 XXXII.
332 2106 393 2165 Nec
421 2108 531 2187 legatus
552 2105 669 2162 obviam
693 2104 755 2164 ibat
779 2128 787 2162 t

107 2191 215 2269 quippe
235 2188 356 2268 plurium
373 2186 503 2247 vecordia
524 2183 710 2246 constantiam
724 2206 790 2245 exe·

107 2291 201 2329 metat
218 2293 224 2327 :
245 2269 357 2348 tepente
380 2265 542 2349 lymphati,
566 2264 699 2327 destridbis
720 2267 787 2406 {lla-

107 2352 161 2411 diis
182 2353 212 2409 in
232 2352 406 2409 centuriones
427 2348 585 2409 invadunt:
603 2370 636 2408 ea
653 2367 720 2409 veru
747 2350 787 2408 's-
809 2351 819 2379 ⁹

107 2435 184 2493 sima
207 2431 377 2491 militaribus
400 2431 473 2491 odiis
499 2431 650 2501 materies,
680 2439 708 2490 &
734 2452 787 2489 επ-

106 2513 208 2574 viendi
232 2514 428 2592 principium:
457 2510 606 2591 prostratos
629 2511 790 2571 verberibus

106 2596 262 2663 mulcant,
282 2595 414 2675 sexageni
433 2594 577 2676 singulos,
594 2612 626 2651 ut
639 2606 788 2650 numerum

107 2678 310 2735 centurionum
332 2672 517 2753 adaequarent.
538 2674 616 2732 Tum
640 2672 789 2732 convulsos

105 2759 316 2839 laniatosque,
342 2764 370 2817 &
395 2757 497 2837 partim
525 2757 697 2894 exanli3mos,
722 2771 788 2816 ante

636 2855 666 2898 tv
