2075 3659
223 311 472 388 Annnrron
496 322 579 389 Lrn.
605 324 634 390 I.
727 348 770 414 71

90 436 141 515 qui
154 459 256 508 sacra,
271 436 298 498 θ
315 439 389 498 lucos
409 436 435 500 ἃ
454 464 518 501 aros
528 445 634 517 patriis
648 448 772 506 omnibus

90 519 251 579 dicaverint
264 545 274 579 :
287 522 353 597 quin
365 523 456 595 ipsum
474 524 595 583 Tiberim
610 528 682 585 nolle
691 550 772 601 pror-

90 622 142 659 sus
165 603 269 660 accolis
283 601 386 681 fluviis
407 604 530 663 orbatum
554 609 659 666 minore
682 610 774 687 glorio

84 679 185 761 fluere.
199 683 254 742 Seu
263 704 356 763 preces
367 685 544 745 coloniarum
553 732 561 757 ‚
570 688 772 749 seudifficultus

92 783 235 841 operum,
264 767 322 824 sive
345 765 523 845 superstitio,
549 770 660 839 valuit,
687 792 718 833 ut
743 774 772 831 in

8 904 14 919 ,
38 850 41 857 ’
92 847 266 905 sententiam
284 847 394 907 Pisonis
416 849 634 923 concederetur,
663 856 711 932 qui
732 854 775 913 nii

92 927 267 985 mutandum
288 949 440 991 censuerat.

135 1008 288 1067 LXXX.
313 1010 484 1095 Prorogatur
510 1014 632 1151 Popgaeo
663 1014 771 1074 Sabino

92 1091 242 1170 provincia
262 1092 386 1163 Moesia,
404 1093 507 1167 additis
526 1096 568 1154 Ac
592 1094 636 1155 aii
654 1105 680 1155 &
702 1097 771 1157 Mu-

93 1170 225 1230 cedonii.
249 1172 283 1231 ld
298 1195 411 1254 quoque
430 1196 541 1234 morum
564 1176 673 1235 Tiberii
696 1177 769 1250 fuit,
819 1176 821 1179 ¹

93 1255 262 1312 continuare
280 1256 413 1335 imperia,
427 1278 460 1315 ac
472 1258 617 1338 plerosque
635 1258 670 1317 ad
684 1257 770 1318 finem

93 1336 160 1416 vitae
179 1336 210 1393 in
227 1336 326 1395 iisdem
343 1337 525 1408 exercitibus,
542 1359 589 1398 aut
604 1340 772 1417 jurisdieiio-

94 1417 180 1475 nibus
197 1414 308 1477 habere.
331 1417 431 1479 cause
442 1422 525 1479 variae
538 1420 682 1481 traduntur
698 1444 704 1477 z
722 1423 772 1481 alii

93 1499 177 1557 raedio
191 1521 360 1569 novarum,
374 1502 460 1560 semel
470 1502 578 1574 placita
591 1524 642 1577 pro
664 1504 772 1561 aeremis

94 1581 257 1641 servavisse
268 1606 277 1638 :
288 1581 405 1661 quidam
416 1583 544 1651 invidio,
559 1584 771 1659 nepluresfrue-

96 1679 221 1720 rentur:
241 1683 305 1721 sunt
324 1665 373 1743 qui
394 1661 569 1733 existiment,
594 1682 624 1721 ur
642 1666 771 1724 callidum

94 1744 156 1823 ejus
168 1744 325 1821 ingenium,
339 1745 381 1803 iro
391 1747 504 1803 anxium
506 1746 645 1826 judicium
657 1770 666 1805 :
680 1766 772 1827 neque
842 1762 844 1769 '

95 1825 176 1883 enim
188 1827 338 1885 eminentis
354 1828 468 1886 virtutes
479 1827 651 1897 senabatur,
666 1837 693 1889 &
705 1848 769 1887 rur-

94 1927 160 1965 sum
180 1908 252 1966 vitia
271 1907 369 1967 oderat
393 1931 399 1963 z
424 1930 457 1966 ex
481 1910 597 1988 optimis
617 1910 770 1988 perieulum

96 1988 171 2057 sibi,
192 2011 208 2046 a
227 1990 351 2067 pessimis
367 1988 485 2049 dedecus
500 1990 643 2069 publicum
663 2010 772 2049 metue-

96 2067 176 2130 bat:
201 2091 258 2150 qua
281 2067 455 2130 haesitatione
483 2066 624 2149 postremo
649 2069 684 2129 εὸ
710 2092 773 2150 pro-

66 2195 75 2201 .
96 2154 193 2210 verius
208 2149 263 2219 est,
281 2172 311 2211 ur
329 2150 505 2211 mandaverit
522 2148 689 2232 quibusdam
707 2172 772 2230 pro-

95 2233 227 2304 vincias,
249 2254 320 2313 quoe
340 2233 436 2317 egredi
455 2232 524 2291 urbe
541 2254 600 2291 non
620 2252 678 2293 erat
702 2254 769 2313 pas-

95 2335 181 2374 sumo.
315 2323 320 2334 '

137 2394 275 2455 LXXXI.
290 2396 335 2455 De
352 2398 475 2456 comitiis
485 2394 696 2467 consularibus,
710 2418 771 2477 quae

96 2494 160 2537 rum
181 2476 304 2557 primum
335 2477 385 2535 illo
407 2479 556 2557 principe,
587 2477 772 2556 aodeinceps

97 2559 176 2618 fuere
188 2580 199 2628 ‚‘
216 2560 264 2619 vix
281 2559 438 2640 quidquam
452 2557 562 2617 firmare
576 2560 685 2628 ausim3
699 2558 771 2616 adeo

95 2640 207 2701 diversa
226 2663 286 2700 non
309 2638 399 2699 modo
416 2639 490 2719 apud
508 2642 652 2709 rudiores,
674 2638 721 2698 sed
743 2640 773 2697 in

95 2724 182 2802 ipsius
200 2722 375 2797 orationibus
388 2721 566 2799 reperiuntur.
587 2716 682 2780 Modo
701 2719 770 2777 sub-

97 2806 193 2865 traeris
210 2804 426 2884 candidatorum
445 2801 608 2864 nominibus
631 2803 772 2883 originem
