2075 3659
242 295 491 367 AnuAarrrrr
515 296 602 367 Lrn.
626 296 677 367 II.
753 326 798 390 79

120 420 264 500 utrimque
285 418 501 502 gubernaculis,
529 438 664 477 converso
693 439 724 481 ut
749 442 797 481 rt-

118 522 206 583 pente
220 501 358 582 remigio,
374 498 440 561 hinc
456 498 503 561 vel
516 500 594 559 illinc
609 498 798 580 adpellerent:

119 584 218 642 multae
242 581 375 662 pontibus
402 578 512 651 stratae,
539 602 619 663 super
643 602 712 663 quas
735 602 798 643 tor-

32 663 35 667 ’
118 685 220 725 menta
249 661 437 732 veherentur,
466 663 552 723 simul
578 684 650 725 atat
678 661 799 727 ferendis

117 747 200 827 equis
210 791 222 815 ,
238 765 287 805 aut
305 746 496 815 commeatui,
514 746 582 805 velis
596 685 722 816 liabiles,
738 749 799 807 cita

115 828 225 899 remis,
252 826 429 909 augebantur
450 826 594 887 alacritate
617 827 742 886 militurn
768 831 799 889 in

117 910 241 989 speciem
259 931 293 968 ac
307 929 450 968 terrorem.
463 907 557 966 Insula
576 906 748 967 Batavorum
768 912 799 971 in

116 1012 208 1070 quarn
239 990 421 1050 convenirent
449 988 602 1069 praediola,
633 989 672 1049 ob
702 988 799 1052 faciles

117 1070 267 1150 adpulsus,
290 1070 512 1149 accipiendisque
531 1071 638 1151 copiis,
661 1080 688 1131 δι
707 1092 798 1131 trans⁴

117 1153 293 1213 mittendum
325 1151 362 1212 ad
391 1152 496 1211 bellum
528 1172 695 1231 opportuna.
718 1153 799 1213 Nam

117 1231 237 1294 Rhenus
255 1256 312 1294 uno
334 1234 416 1293 alveo
440 1234 613 1303 continuus,
634 1254 684 1294 aut
703 1235 799 1295 modi-

117 1338 165 1377 cas
191 1316 295 1376 insulas
321 1317 565 1385 circumveniens,
589 1314 664 1395 apud
694 1318 799 1397 princi-

116 1399 201 1480 pium
215 1400 277 1481 agri
295 1398 397 1458 Batavi
410 1398 487 1458 velut
505 1398 536 1455 in
554 1396 624 1457 duos
641 1418 738 1457 amnes
753 1398 799 1457 di·

116 1480 226 1541 viditur
248 1500 417 1560 :servatque
435 1500 560 1550 nomen,
582 1488 609 1539 δι
629 1480 798 1541 violentiam

116 1559 233 1631 cursirs,
257 1560 313 1642 qua
332 1562 519 1621 Germaniam
542 1556 725 1639 praevehitur,
744 1561 799 1621 do·

116 1665 171 1705 nec
192 1643 312 1703 Oceano
334 1644 504 1713 misceatur3
524 1642 560 1701 ad
587 1642 731 1703 Gallicam
760 1645 799 1703 ri·

118 1747 187 1807 pam
216 1726 301 1785 latior
327 1734 354 1785 &
383 1724 520 1803 placidior
544 1724 690 1795 adfluens,
717 1746 797 1786 verso

117 1829 314 1892 cognomento
333 1806 468 1867 Vahalem
481 1806 584 1867 accolae
597 1806 694 1867 dicunt
709 1830 715 1864 ε
729 1830 798 1867 mox

114 1889 147 1951 id
173 1911 288 1971 quoque
315 1889 486 1950 vocabulum
510 1910 603 1949 mutat
627 1888 715 1949 Moscl
737 1892 794 1951 flu·
818 1904 822 1911 “

114 1972 221 2043 mine,
243 1978 355 2051 ejusque
376 1974 516 2033 immenso
537 1993 585 2031 ore
609 1968 741 2031 eumdem
755 1974 797 2049 ,in
881 1992 883 1996 ·

118 2054 270 2114 Oceanum
285 2051 445 2115 effunditur.

158 2137 188 2195 V
190 2136 229 2196 II.
246 2136 302 2197 Sed
316 2136 428 2207 Caesar,
445 2134 515 2195 dum
532 2134 684 2219 adiguntur
698 2156 798 2225 naves,

116 2218 220 2279 Silium
234 2218 361 2301 legatum
373 2239 437 2278 cum
451 2216 581 2295 expedita
591 2238 679 2277 manu
696 2219 796 2300 inrup-

116 2302 229 2361 tionem
246 2302 275 2359 in
295 2300 399 2362 Cattos
416 2296 507 2362 facere
520 2299 600 2373 jubet
619 2323 625 2357 :
645 2302 721 2380 ipse,
740 2323 796 2361 au-

116 2381 179 2441 dito
202 2380 343 2442 castellum
368 2383 485 2461 Luppiae
502 2383 615 2441 flumini
635 2381 797 2463 adpositum

115 2462 258 2534 obsideri,
283 2486 330 2523 sex
348 2465 482 2544 ,legiones
510 2462 546 2523 ed
576 2462 664 2525 duxit.
694 2464 797 2563 Neque

113 2546 192 2605 Silio
204 2545 245 2603 ob
256 2546 364 2606 subitos
377 2547 482 2605 imbres
495 2544 573 2605 aliud
584 2548 697 2616 atium,
710 2568 797 2627 quam

111 2646 149 2687 ut
175 2626 323 2687 modicam
350 2627 490 2707 praedam,
517 2636 546 2687 &
570 2626 641 2707 Arpi
665 2628 797 2706 principis

113 2708 275 2770 Cattorum
305 2714 458 2791 conjugem
485 2708 631 2787 filiamque
658 2728 765 2787 raperet
789 2733 796 2766 ι

113 2812 210 2872 neque
238 2790 344 2867 Caesari
374 2793 487 2873 copiam
511 2812 612 2873 pugna:
642 2788 797 2853 obsessores

600 2870 681 2935 Dav
