2075 3659
203 268 452 337 AuuArruu
476 269 561 337 ΜΒ.
586 270 656 336 ΙΙΙ.
711 290 773 359 ¹53

90 390 193 449 aliena
215 389 351 457 servitia,
377 396 405 447 &
427 408 472 448 tot
498 386 670 447 adstantium
691 390 779 461 risu,

89 471 162 550 ipso
182 470 355 531 Germanico
376 488 492 539 coram,
513 469 544 528 id
565 490 663 528 ausum
679 466 777 529 :offe-

91 551 237 632 rebatque
255 550 396 611 familiam
417 571 498 619 reus,
524 559 552 611 &
576 548 716 610 ministros
747 552 778 612 in

92 648 243 693 tormenta
269 632 433 713 flagitabat(
454 628 510 692 Sed
534 630 639 709 judices
664 652 712 711 per
734 631 781 691 di·

93 733 178 773 versa
195 713 389 793 implacabiles
405 729 484 771 erant
503 734 510 767 ε
531 711 646 780 Caesat,
666 712 705 771 ob
721 712 781 775 bel-

92 792 161 853 lum
174 796 323 874 provinciae
331 793 469 863 inlatum3
480 812 608 862 senatus,
622 812 782 874 numquam

93 878 167 935 satis
185 875 293 935 credito
302 920 314 943 ,
329 876 389 933 sine
402 873 499 934 fraude
514 874 718 935 Germanicum
728 876 778 935 in·

95 959 206 1015 teriisse
222 980 229 1012 :
249 957 451 1033 *scripsissent
465 954 686 1034 expostulantes,
701 952 781 1038 quod

95 1034 180 1096 haud
198 1037 290 1097 mimis
305 1035 436 1096 Tiberius
453 1034 539 1117 quim
561 1036 627 1097 Piso
647 1036 782 1101 abnuere.

95 1118 195 1177 Simul
203 1118 300 1198 populi
311 1137 376 1177 ante
394 1118 499 1177 curiam
520 1139 604 1178 voces
625 1116 779 1179 audieban-

73 1209 76 1213 “
96 1217 162 1270 tur3
179 1222 235 1258 non
253 1218 444 1274 temperaturos
462 1199 603 1269 manibus,
624 1202 652 1258 si
667 1220 781 1273 patrum

97 1282 255 1340 sententias
267 1283 422 1341 evasisset:
435 1279 594 1363 effigiesque
605 1278 714 1341 Pisonis
725 1302 781 1342 tra·

96 1382 200 1421 nerant
224 1364 255 1421 in
276 1362 456 1431 Gemonias,
475 1383 507 1419 ac
530 1358 729 1432 devellebarrt,
747 1364 782 1421 ni

97 1446 178 1524 jussu
205 1445 334 1523 principis
357 1444 488 1521 proteehe
517 1444 697 1521 repositaeque
727 1440 779 1501 fo·

97 1522 173 1584 rent.
202 1524 293 1605 Igitur
315 1522 420 1583 inditus
441 1523 564 1593 lemicae,
585 1530 612 1581 ὃ(
630 1544 646 1581 a
665 1522 780 1583 tribuno

98 1606 237 1685 praetoriae
255 1602 379 1663 cohortis
401 1604 534 1664 deductus
555 1600 593 1661 est
613 1626 619 1658 :
636 1605 716 1663 vario
737 1626 781 1665 ru·

99 1707 208 1762 more,
226 1685 316 1747 custos
330 1685 448 1755 salutis,
471 1707 508 1744 an
528 1684 627 1744 mortis
646 1688 777 1755 exallor,

98 1789 270 1848 sequeretur.

143 1850 214 1909 XV.
240 1848 350 1909 Eadem
377 1848 515 1907 Plancina:
537 1846 669 1917 invidia,
688 1852 779 1926 major

100 1933 197 2015 gratia
225 1952 232 1985 z
258 1951 347 2011 eoque
381 1930 549 2011 ambiguum
587 1925 779 1997 habebatur,

100 2032 245 2093 quantum
273 2011 377 2073 Caesari
402 2012 433 2070 in
459 2031 523 2067 eam
550 2008 645 2068 liceret
667 2030 673 2062 r
695 2028 781 2089 atque

101 2096 182 2173 ipsa,
194 2094 283 2151 donec
296 2092 396 2151 media
414 2090 512 2149 Pisoni
530 2109 610 2166 spes,
630 2088 733 2146 sociam
750 2111 781 2149 st

102 2177 289 2255 cujuscumque
294 2174 432 2251 fortuna,
452 2168 499 2239 ἃ,
517 2171 546 2227 si
565 2168 718 2245 irafltrret,
730 2190 780 2228 co-

102 2258 201 2315 mitem
220 2256 304 2314 exitii
323 2252 515 2333 promittebat.
533 2252 576 2311 Ut
592 2251 701 2309 secretis
714 2250 781 2310 Au-

103 2336 191 2420 gusta
206 2335 332 2416 precibus
346 2336 459 2393 veniam
469 2332 612 2403 obtinuit,
624 2330 782 2472 paullatim
833 2380 839 2393 .

22 2435 26 2443 ·
45 2432 58 2451 ·
102 2438 247 2502 segregari
265 2440 282 2476 a
301 2418 426 2486 marito,
444 2409 567 2474 dividere
588 2412 621 2472 de
652 2415 782 2472 nsionem

104 2502 193 2579 coepit
210 2523 216 2555 :
235 2497 313 2579 quod
328 2519 388 2557 reus
405 2494 554 2577 postquam
569 2494 623 2552 sibi
638 2493 782 2553 exitiabile

104 2582 261 2663 intelligit,
276 2602 313 2638 an
330 2576 422 2637 adhuc
440 2576 607 2655 experiretur
630 2574 783 2647 dubitans,

106 2660 288 2723 hortantibus
299 2658 381 2728 filiis,
392 2658 473 2717 durat
485 2675 630 2723 mentem,
640 2675 784 2727 senatum-

105 2744 162 2825 que
184 2763 294 2821 rursum
309 2739 464 2824 ingreditur
482 2737 784 2815 :redintegratamque

609 2816 676 2877 Gv
