2075 3659
37 298 43 328 l

220 214 482 335 -Auunrruu
507 266 591 337 ω.
616 267 648 333 Ι.
723 290 765 355 23

85 385 192 461 itinera
212 385 335 461 libenter,
341 386 430 463 ferret
445 389 460 443 ἲ
477 385 593 465 Quippe
613 384 703 447 Rufus
720 386 770 447 diu

85 467 298 545 manipularis,
321 465 388 526 dein
413 470 540 525 centurio
554 513 566 536 ,
588 488 655 527 mox
678 465 770 527 caſtris

85 546 257 629 praefeClus,
281 549 430 629 antiquam
457 547 612 629 duramque
635 550 771 609 militiam

85 628 269 699 revocabat,
296 649 375 689 vetus
402 631 493 708 operis
518 652 551 689 ac
576 630 715 699 laboris,
743 638 771 689 δι

77 708 124 770 eb
145 712 310 780 immitior,
333 712 400 790 quia
420 710 596 770 toleraverat.

129 790 224 851 XXI.
261 790 375 849 Horum
409 789 531 851 adventu
569 790 772 874 redintegratur

86 871 231 943 seditio2,'
244 880 271 931 δι
296 874 364 953 vagi
393 873 570 951 circumjesta
595 872 771 952 populaban-

89 974 144 1013 tur.
166 954 267 1013 Blaesus
287 973 416 1032 paucos,
437 954 562 1015 maxime
583 952 675 1034 praedi
696 976 771 1014 onu⁴

89 1030 169 1106 stus,
189 1034 225 1093 ad
244 1054 376 1093 terrorem
397 1052 577 1106 ceterorum,
599 1033 684 1095 adfici
701 1058 769 1095 ver-

90 1115 227 1185 beribus,
246 1114 338 1175 claudi
356 1136 461 1175 carcere
477 1117 578 1195 jubet3
598 1139 666 1177 nam
682 1119 770 1177 etiam

90 1216 152 1257 tum
184 1198 280 1279 legato
307 1218 324 1255 a
349 1198 579 1266 centurionibus,
602 1208 630 1257 δι
657 1201 771 1277 optimo

91 1300 207 1359 quoque
230 1278 447 1357 manipularium
474 1280 629 1357 parebatur.
649 1279 694 1338 Illi
716 1280 771 1339 ob-

90 1360 145 1419 niti
169 1356 365 1430 trahentibus,
385 1379 512 1438 prensare
533 1358 772 1421 circunstantium

92 1462 213 1524 genua,
237 1441 306 1499 ciere
324 1437 412 1500 modb
431 1443 551 1501 nomina
571 1442 771 1524 singulorum,

92 1520 185 1582 modo
204 1523 357 1581 centuriam
377 1522 524 1603 quisque,
544 1528 622 1600 cujus
642 1525 773 1602 manipu-

92 1604 157 1663 laris
184 1623 269 1675 erat,
293 1600 464 1672 eohortem,
493 1604 660 1685 legionem,
680 1608 774 1664 cadent

73 1749 75 1752 ,
93 1684 220 1744 omnibus
239 1685 378 1744 imminere
398 1685 594 1750 clamitantes:
611 1686 695 1745 simul
707 1706 773 1764 pro-

96 1766 146 1826 bra
161 1768 194 1825 in
208 1766 334 1847 legatum
353 1766 522 1835 cumulant,
541 1767 643 1825 coslum
657 1788 690 1826 ac
704 1766 775 1827 deos

94 1844 295 1917 obtestantur,
316 1844 389 1905 nihil
410 1847 510 1927 reliqui
536 1846 670 1918 faciunt,
694 1869 771 1927 quo-

93 1932 191 1989 minus
209 1927 369 1997 invidiam,
388 1929 628 1998 misericordiam,
646 1948 775 1999 metum,

94 2019 121 2071 u
148 2013 205 2069 iras
233 2026 434 2089 permoverent.
461 2008 625 2069 Adcurritut
646 2009 683 2067 ab
705 2011 773 2067 uni-

93 2094 200 2162 versis,
221 2098 249 2149 &
272 2110 378 2149 carcere
402 2086 547 2167 effraEbo,
570 2090 683 2149 solvunt
704 2091 773 2148 vin-

93 2173 157 2233 cula
182 2195 192 2243 3
220 2170 425 2251 desertoresque
446 2192 479 2229 ac
502 2188 593 2231 rerum
613 2171 777 2251 capitalium

93 2253 269 2324 damnatos,
286 2253 340 2312 sibi
358 2256 418 2331 jam
436 2254 563 2312 miscent.

134 2334 252 2395 XXII.
284 2334 462 2417 Flagrantior
491 2333 557 2393 inde
586 2336 658 2405 vis,
688 2334 780 2414 plures

94 2417 233 2477 seditioni
251 2414 352 2475 duces:
366 2424 393 2475 &
404 2414 562 2475 Vibulenus
579 2415 696 2495 quidam
714 2436 780 2498 gre·

95 2501 191 2581 garius
211 2497 315 2565 miles,
333 2517 399 2556 ante
419 2497 543 2557 tribtural
561 2497 640 2557 Blaesi
658 2496 776 2556 adleva-

96 2600 140 2640 tus
162 2576 403 2638 circumstantium
424 2575 567 2647 humeris,
585 2578 660 2657 apud
680 2576 784 2637 turba-’

96 2680 162 2733 ros,
183 2670 211 2721 δι
234 2658 302 2741 quid
325 2677 432 2737 pararet
459 2660 608 2719 intentos:
636 2659 695 2718 Vos
715 2659 778 2735 qui-

50 2759 52 2767 '
95 2738 182 2813 dem,
203 2742 298 2823 inquit
309 2784 319 2814 ,
337 2739 384 2800 lu‘t
404 2740 591 2801 innocentibus
611 2736 781 2808 &miseni-f
