2075 3659
247 263 287 325 18
368 258 404 327 C.
433 259 579 326 Coun,
611 258 800 325 Tacrrr

283 375 379 435 XIV.
407 376 503 435 Multa
529 396 639 455 patrum
662 384 690 436 δι
712 378 743 434 in
763 374 929 459 Augustam

242 456 378 517 adulatio
401 456 461 515 Alii
484 476 646 531 parentem,
667 458 717 515 alii
738 475 853 517 matrem
870 482 928 532 pa·

244 539 304 598 tria
312 536 508 617 appellandam
520 560 530 607 3
545 539 667 618 plerique
678 582 687 608 ‚
697 558 729 597 ut
738 540 851 597 nomini
863 539 930 600 Cae-

243 622 310 679 saris
322 619 541 687 adscriberetur,
552 619 739 696 Juliaefilius,
753 619 927 680 censebant:

243 701 291 761 ille
312 702 487 759 moderandos
505 700 675 777 florinarum
696 700 812 759 honores
835 700 927 761 diffi-

244 802 330 851 tans,
352 786 491 859 eddemque
509 804 539 839 se
565 782 743 855 temperantid
761 803 874 840 usurum
896 783 931 842 ite

243 862 290 923 his
309 886 365 941 quea
376 864 442 930 lsibi
459 862 667 934 tribuerentur5
685 858 806 921 ceterdm
825 864 929 923 anxius

244 942 371 1014 invidiis,
389 954 416 1003 δι
432 942 569 1001 muliebre
585 940 729 1025 fastigium
748 945 778 1001 in
796 943 930 1003 deminu-

244 1027 353 1085 tionem
373 1026 414 1083 sui
433 1025 591 1103 accipiens,
605 1044 640 1083 ne
659 1025 786 1083 lidlorem
806 1026 927 1105 quidem

245 1108 272 1165 ei
295 1106 404 1165 decerni
426 1102 512 1183 pallus
541 1103 580 1162 est
600 1126 759 1186 :aramque
783 1107 924 1186 adoptio-

245 1188 318 1256 nis,
350 1196 377 1246 &
404 1188 460 1247 alia
474 1184 681 1265 hujuscemodi
702 1185 856 1266 prohibuit.
884 1189 928 1250 At

246 1268 417 1327 Germanico
440 1268 545 1328 Caesari
559 1269 753 1347 proconsulare
773 1270 927 1347 imperium

245 1351 345 1429 petivit
368 1394 377 1420 ‚
405 1351 538 1431 missique
567 1349 654 1431 legati
681 1351 731 1429 qui
759 1348 924 1421 deferrent,

245 1432 330 1489 simul
349 1428 506 1490 maestiriam
526 1435 582 1509 ejus
603 1430 641 1487 ob
661 1426 797 1490 excelsum
817 1432 924 1515 Augu-

245 1509 280 1569 sti
298 1512 471 1591 solarentur:
493 1512 644 1593 quominus
667 1511 742 1569 idem
761 1534 811 1592 pro
829 1514 925 1573 Druso

246 1591 459 1673 postularetur,
485 1615 517 1652 ea
542 1614 623 1652 causa
645 1638 654 1663 ‚
678 1591 756 1674 quod
786 1594 924 1675 desipna-

248 1692 291 1734 tus
305 1676 401 1735 consul
413 1675 543 1743 Drusus,
567 1696 734 1755 praesensque
748 1696 815 1735 erat.
867 1698 924 1737 an-

247 1755 358 1817 didatos
387 1776 507 1837 praeturae
537 1754 688 1817 duodecim
723 1759 885 1818 nominavit
914 1804 926 1827 ,

246 1859 394 1899 numerum
415 1840 452 1897 ab
471 1836 600 1921 Augusto
623 1838 756 1918 traditum
776 1862 783 1895 ε
805 1848 832 1897 &
853 1836 926 1896 hor-

248 1939 326 1981 tante
347 1942 443 1981 senatu
465 1940 496 1981 ut
517 1938 652 2002 augeret,
673 1920 928 2000 jurejurandoaob-

247 2000 375 2075 strinxit,
395 2024 422 2062 se
440 2024 499 2062 non
523 1998 699 2060 excelsarum.

289 2082 362 2145 XV.
385 2076 462 2143 Tum
484 2081 606 2163 primdm
637 2104 651 2139 e
679 2104 781 2162 campo
807 2084 927 2142 comitia

249 2164 286 2225 ad
313 2186 402 2245 patres
430 2166 560 2225 transsata
590 2183 662 2223 sunt.
690 2163 768 2221 Nam
797 2163 832 2221 ad
863 2185 926 2223 eam

249 2246 349 2317 diem,
377 2246 428 2305 etsi
458 2247 602 2325 potissima
626 2245 743 2303 arbitrio
768 2246 899 2324 principis
914 2244 933 2314 ,‘

249 2328 377 2408 quaedam
402 2346 497 2387 tamen
524 2324 620 2384 studiis
647 2326 770 2385 tribuum
798 2324 926 2385 fiebant:

249 2430 340 2490 neque
361 2408 478 2490 populus
496 2406 660 2487 ademptum
677 2412 719 2486 jus
738 2404 846 2487 questus
868 2405 927 2477 est,

250 2492 305 2551 nisi
326 2492 404 2551 inani
423 2510 535 2548 rumore
555 2513 561 2545 :
580 2498 607 2547 &
628 2508 737 2547 senatus
758 2488 924 2570 largitioni-

195 2618 198 2623 .
251 2572 302 2632 bus
322 2594 354 2631 ac
373 2573 498 2653 precibus
519 2569 636 2629 sordidis
659 2569 798 2629 exsolutus
810 2568 927 2640 „libens

253 2656 372 2725 tenuit,
403 2652 566 2713 moderante
594 2650 745 2719 Tiberio,
775 2671 810 2708 ne
839 2649 928 2729 plures

252 2733 337 2819 qu'am
360 2756 480 2819 quatuor
505 2732 669 2794 candidatos
693 2729 926 2803 commendaret,
