2075 3659
184 279 544 385 AuuArrrrrrlrr.
567 282 640 350 ΙΙΙ.
700 306 764 376 175

88 442 92 449 ·
118 401 219 463 XLI.
245 401 333 463 Haud
353 399 442 463 ferme
462 402 520 463 ulla
541 404 641 464 civitas
661 403 770 467 inacta

75 486 240 547 seminibus
261 490 319 564 ejus
341 483 436 545 motirs
463 484 519 545 fuit
546 509 553 542 ε
582 485 631 545 sed
656 489 770 567 erupere

75 568 170 647 primi
184 565 352 638 Andecavi,
367 589 399 627 ac
413 566 536 627 Turonii
550 589 557 624 ε
572 588 695 649 quorum
709 571 772 629 An-

77 648 208 711 decavos
240 649 348 709 Acilius
375 650 481 709 Aviola
508 650 641 732 legatus,
675 653 770 713 excita

78 728 225 800 cohorte,
250 752 311 811 quae
338 730 472 813 Lugduni
495 732 770 873 presidiumnggita·

78 812 131 871 bat
153 812 278 873 coereuit
299 835 305 869 :
328 810 453 871 Tutonii
470 814 495 871 le
519 815 630 873 'onario
687 817 745 876 ''te
756 860 768 889 ,

79 914 170 975 quem
182 890 317 953 Visellius
332 894 443 966 Varro,
458 834 598 955 ἱηέῐὶοής
607 896 771 959 Germaniae

79 974 213 1058 legatus,
234 977 369 1045 miserat,
388 978 530 1057 oppressi,
549 976 650 1037 eodem
660 978 768 1042 Aviola

80 1056 176 1133 duce,
198 1066 227 1117 δι
251 1057 422 1139 quibusdam
450 1058 610 1119 Galliarum
639 1062 769 1141 primori·
860 1073 863 1077 “

80 1138 160 1210 bus3
182 1141 233 1220 qui
252 1140 339 1201 tulere
357 1141 515 1212 auxilium,
533 1141 594 1222 quei
605 1142 768 1205 dissimula·

81 1241 144 1283 rent
173 1219 390 1294 defectionem,
414 1225 562 1306 magisque
583 1227 614 1285 in
639 1243 769 1306 tempore

81 1298 215 1363 efferrent
238 1326 245 1359 r
265 1307 405 1383 speciatus
428 1314 455 1365 &
476 1305 629 1377 Sacrovir,
659 1308 768 1369 intecto

81 1386 177 1465 capite
199 1405 327 1467 pugnam
342 1406 393 1464 pro
415 1385 555 1447 Romanis
572 1389 663 1459 ciens,
676 1390 767 1469 oster-

82 1470 195 1537 tnndae,
216 1486 247 1527 ut
267 1464 393 1539 ferebat,
413 1469 531 1529 virtutis
547 1493 558 1527 .-
576 1468 625 1529 sed
645 1471 768 1550 captivi,

81 1570 115 1607 rte
128 1550 191 1627 incr
238 1567 311 1608 retur
322 1550 387 1607 telis
423 1553 639 1629 adgnoscendum
654 1572 685 1611 se
696 1574 770 1631 pra·

83 1628 176 1691 luisse
184 1570 560 1772 ,fflonsultus
571 1652 653 1713 super
665 1654 700 1693 eo
713 1633 770 1693 Ti·

83 1710 177 1773 berius
190 1757 199 1783 ‚
223 1734 240 1773 a
261 1732 405 1793 spernatus
418 1711 456 1771 est
469 1713 608 1775 indicium
620 1760 630 1787 ,
641 1715 771 1799 aluitque

84 1790 266 1873 dubitatione
285 1792 399 1855 bellum.

97 1918 102 1925 ι
123 1876 221 1939 XLII.
232 1876 349 1936 Interim
363 1878 460 1937 Florus
473 1876 595 1939 insistere
606 1878 768 1955 destinatis,

84 1956 216 2035 pellicere
246 1958 322 2019 alam
349 1961 498 2040 equitum,
524 1982 588 2041 quae
612 1965 770 2043 conscripta

84 2036 238 2111 Treveris,
255 2039 358 2102 militib
376 2041 580 2123 disciplinaque
597 2041 691 2102 nostrai
710 2041 768 2105 ba·
820 2084 828 2093 .

86 2120 236 2193 bebatur,
272 2144 323 2195 ut,
350 2125 424 2184 cresis
447 2124 675 2206 negotiatoribus
702 2125 768 2185 Ro·

86 2206 197 2276 manis,
217 2204 322 2264 bellurn
339 2207 474 2285 inciperet
497 2228 504 2261 ε
528 2207 667 2287 paucique
682 2210 768 2289 equi-

87 2304 148 2347 tum
174 2289 297 2367 corrupti
309 2310 319 2358 3
345 2287 435 2367 plures
457 2288 488 2347 in
512 2286 609 2347 officio
632 2309 770 2352 mansere.

18 2431 27 2449 ἵ,
87 2367 176 2428 Aliud
205 2369 306 2451 vulgus
330 2368 517 2429 obseratorum
548 2390 597 2432 aut
621 2372 769 2434 clientium

88 2468 167 2509 arma
192 2451 266 2529 cepit
290 2474 297 2508 ε
321 2451 510 2533 petebantque
537 2454 643 2525 saltus,
665 2455 770 2534 quibus

87 2552 194 2591 nomen
221 2530 401 2605 Arduenna,
430 2554 518 2616 quum
545 2534 671 2617 legiones
689 2557 770 2595 utro·

90 2633 142 2693 que
164 2614 204 2675 ab
223 2616 366 2686 exercitu,
386 2635 454 2696 quas
472 2616 607 2675 Visellius
627 2626 654 2676 &
672 2616 709 2677 C.
722 2618 770 2677 Si-

90 2694 141 2753 lius
161 2695 282 2761 adversis
303 2696 448 2757 itineribus
471 2697 653 2776 objecerant,
671 2718 769 2757 arcue-

90 2794 153 2838 runt
188 2802 195 2837 :
224 2780 432 2862 praemissusque
458 2800 524 2841 cum
547 2779 655 2838 deleeea
681 2800 769 2841 manu

563 2859 645 2925 Hir
