2075 3659
184 317 640 399 nannetensium.
690 321 792 421 '3¹5'

68 447 221 532 sed-qubd
233 471 282 530 par
292 451 433 532 negotiis,
446 470 537 530 neque
547 446 629 528 supra
639 469 705 508 erar.

78 565 83 570 -
121 532 194 592 XL.
217 531 256 608 Q.
277 532 424 603 Plautius,
447 531 510 590 Sex.
534 532 667 610 Papinius
691 551 762 594 coss.

71 632 242 694 sequuntur.
260 613 306 672 Eo
321 635 417 685 anno,
437 633 527 694 neque
545 611 623 694 qubd
635 613 668 671 L,
682 613 762 672 Aru-

73 698 154 756 seius
183 713 274 754 morte
306 694 412 755 adfecti
440 694 552 765 forent,
581 693 764 762 adsuetudine

75 777 249 847 malorum,
278 795 309 835 ur
334 797 435 851 atrox,
469 775 689 846 advertebatura
717 777 766 836 sed

75 856 231 929 exterruit,
245 856 324 940 qubd
344 859 504 920 Vibulenus
520 859 666 942 Agrippa,
680 878 765 938 eques

77 940 253 1009 Romanus,
271 961 361 1020 quum
382 959 555 1021 perorassent
571 959 763 1011 accusatores,

78 1023 112 1080 in
138 1024 198 1101 ipsa
221 1024 299 1080 entia
317 1022 516 1105 depromptum
538 1024 599 1081 sinu
623 1031 765 1080 venenum

80 1100 199 1173 ltausita
217 1104 415 1185 prolapsusque
434 1129 466 1166 ac
486 1102 690 1173 moribundus,
712 1101 767 1164 fes·

78 1186 182 1243 tinatis
196 1185 327 1243 liciorum
345 1189 475 1247 manibus
491 1189 520 1244 in
539 1205 675 1243 carcerem
695 1205 763 1265 rap-

82 1284 128 1325 tus
155 1263 215 1336 est,
243 1264 392 1348 faucesque
415 1275 472 1347 jam
499 1269 635 1325 exanimis
662 1266 766 1345 laqueo

82 1365 202 1406 uexata.
229 1347 275 1405 Ne
302 1348 443 1432 Tigranes
469 1348 607 1430 quidem,
630 1345 767 1406 Armenii

82 1427 235 1509 quondam
256 1432 381 1508 potitus,
402 1453 435 1490 ac
456 1449 522 1488 tunc
545 1449 623 1499 reus,
648 1429 767 1486 nomine

84 1512 169 1593 regio
176 1511 311 1588 supplicia
321 1513 425 1570 civium
437 1509 545 1593 effugit.
558 1511 595 1568 At
607 1508 644 1568 C.
658 1509 767 1581 Galba,

84 1592 266 1662 consularis,
287 1592 390 1652 &duo
412 1594 492 1652 lllaesi
509 1591 670 1649 voluntario
692 1594 769 1650 exitu

86 1672 214 1731 cecidere
243 1696 252 1730 t
283 1674 401 1746 Galba,
429 1673 550 1733 tristibus
576 1671 695 1733 Caesaris
719 1674 769 1731 lit*
794 1697 796 1702 ·

87 1757 155 1813 reris
177 1756 350 1833 provinciam
375 1758 467 1829 sortiri
490 1753 669 1836 prolaibitusa
690 1754 767 1813 Blaea
793 1756 798 1785 ¹

86 1839 125 1896 sis
142 1834 316 1908 sacerdotia,
331 1837 439 1920 integri
455 1857 552 1896 eorum
571 1836 659 1895 domo
679 1834 767 1894 desti·

88 1937 178 1986 nata,
197 1918 329 1977 convulsa
342 1918 500 1977 distulerat:
516 1937 600 1987 tunc,
617 1938 648 1975 ut
659 1937 769 1988 vacua,

88 1997 212 2058 contulit
225 2001 255 2056 in
273 2001 365 2058 alios:
382 2000 459 2079 quod
471 2001 584 2080 signum
602 1999 699 2055 mortis
717 1999 767 2056 in·

89 2082 244 2149 tellexere3
271 2090 298 2138 &
326 2082 444 2141 exsecuti
477 2097 549 2137 sunt.
575 2078 613 2137 Et
646 2077 771 2138 AEmilia

89 2158 223 2240 Lepida,
242 2180 328 2238 quam
350 2162 445 2237 juveni
464 2161 559 2219 Druso
581 2179 697 2238 nuptam
719 2181 767 2217 re-
803 2157 806 2166 ’
843 2157 851 2174 ’

91 2245 166 2311 tuli,
183 2241 284 2300 crebris
303 2242 466 2302 criminibus
480 2242 612 2300 marinam
625 2243 768 2314 insecura,

93 2340 271 2406 quamquam
293 2321 483 2393 intestabilis,
506 2343 602 2396 tamen
630 2325 770 2404 impunita

96 2406 228 2506 agebat,
259 2404 327 2463 dum
357 2404 491 2485 superfuit
516 2425 593 2486 pater
623 2406 769 2484 Lepidus;

95 2485 158 2567 post
178 2508 194 2545 a
216 2485 386 2546 delatoribus
409 2489 575 2566 corripitur,
597 2487 637 2544 ob
659 2507 769 2545 servum

96 2567 252 2628 adulterum
274 2591 280 2623 z
303 2587 354 2626 nec
375 2567 555 2626 dubitabatur
577 2567 612 2625 de'
630 2569 739 2650 flagitio
763 2589 771 2624 c

99 2669 165 2732 ergo
186 2647 292 2708 omissi
312 2646 497 2719 defensione,
518 2647 605 2706 finem
627 2650 691 2708 virae
715 2648 771 2738 sibi

100 2749 198 2813 posuit.

109 2840 113 2851 ·
140 2812 217 2875 XLI.
237 2812 290 2872 Per
303 2809 380 2874 idem
396 2830 504 2893 tempus
518 2808 660 2953 Cliragim
677 2812 773 2882 narie,

638 2914 657 2973 ¹l
