2075 3659
215 263 464 340 ArruArrurr
488 273 573 342 Ira.
600 273 668 343 IV.
720 284 785 364 263

80 393 137 452 in
173 390 336 449 calamitate
367 392 531 450 mortalium
556 394 663 464 animi,
690 390 790 456 effudit

82 474 281 553 lacrymas,
299 473 391 553 junxit
410 471 544 553 questus3
563 473 711 534 audentius
732 481 791 554 jam

89 572 213 614 onerat
240 555 392 631 Sejanum,
421 557 578 625 saeuitiam,
608 557 790 634 superbiam,

92 649 173 716 spes
188 640 246 713 ejus
259 653 270 690 ἐ
290 655 324 692 ne
345 635 375 692 in
390 633 540 694 Tiberium
555 636 670 716 quidem
692 641 792 697 convi-

94 719 159 776 cio
184 714 313 774 abstinet.
346 715 427 796 lique
454 737 616 788 sermones,
643 737 791 799 tamquam

96 799 202 858 vetita
220 798 416 867 miscuissent,
436 799 557 877 speciem
573 817 637 858 artae
659 801 792 860 amicitia

101 878 215 938 facere.
234 879 278 938 Ac
294 882 355 954 jam
375 879 447 937 ultro
466 879 586 940 Sabinus
602 900 722 960 quatere
739 881 793 942 La·

102 963 236 1030 tiarem,
261 960 396 1018 ventitare
418 959 557 1032 domurn,
578 960 687 1021 dolores
708 983 792 1034 suos,

104 1043 200 1122 quasi
209 1039 247 1100 ad
260 1039 446 1111 fidissimum,
460 1040 576 1100 deferre.

157 1122 266 1182 LXIX.
293 1120 475 1187 Consultant
507 1145 579 1203 quos
605 1125 791 1196 memoravi,

107 1224 246 1283 quonam
264 1200 352 1260 modo
372 1223 405 1262 ea
427 1203 548 1282 plurium
568 1204 664 1264 auditu
682 1207 793 1285 accipe-

106 1303 240 1344 rentur:
271 1304 339 1344 nam
364 1284 450 1354 loco,
476 1286 506 1342 in
531 1306 616 1366 quem
640 1287 792 1357 coibatur,

109 1364 255 1426 servanda
268 1364 426 1426 solitudinis
441 1363 527 1424 facies
545 1367 593 1426 z&
610 1368 633 1424 si
649 1388 722 1446 pone
738 1365 788 1426 fo-

110 1467 161 1506 res
179 1445 359 1516 adsisterent,
374 1465 465 1504 metus
485 1445 579 1517 visits,
598 1445 704 1507 sonitits
714 1492 724 1519 ,
745 1467 793 1507 aut

111 1526 194 1586 forte
217 1547 283 1588 orta
304 1529 468 1606 suspicionis
489 1547 556 1609 erat.
576 1527 700 1587 Tenum
721 1530 793 1588 inter

111 1617 145 1668 ἃ
169 1609 333 1689 laquearia,
353 1628 405 1668 tres
426 1618 585 1680 senatores,
607 1606 682 1670 haud
703 1608 795 1670 miritis

113 1709 164 1748 tur
185 1691 314 1750 ilatebrai
323 1687 409 1771 quiun
426 1687 586 1750 detestandi
600 1689 715 1761 fraude,
736 1711 794 1750 sese

113 1711 305 1844 abllmdunt3
334 1770 521 1832 foraminibus
542 1781 569 1832 &
598 1774 677 1832 rimis
698 1793 793 1846 aurern

115 1853 285 1915 admovent.
317 1854 425 1913 Interea
454 1853 574 1914 Latiaris
602 1871 739 1933 repertum
764 1855 794 1914 in

117 1935 239 2016 publico
265 1935 423 2005 Sabinum,
450 1935 527 1996 velut
556 1933 651 1992 recens
679 1935 795 2016 cognite

118 2036 298 2087 narraturus,
316 2018 438 2075 domum
459 2024 487 2074 &
500 2017 531 2074 in
551 2014 711 2074 cubiculum
731 2034 792 2074 tta,

120 2093 168 2156 hit
180 2120 190 2167 3
218 2100 410 2176 praeteritaque
435 2104 463 2154 8<
490 2093 642 2165 instantia,
675 2116 796 2174 quorum

120 2176 246 2238 adfatim
263 2179 410 2257 copia,-a'c
425 2197 516 2234 novos
532 2195 647 2235 terrores
662 2177 795 2238 cumulat.

122 2259 237 2320 Eadem
258 2260 326 2330 ille,
347 2265 375 2316 &
399 2256 518 2328 diutius,
541 2255 649 2337 quantis
677 2255 797 2331 moesta,

122 2340 177 2398 ubi
195 2341 281 2400 semel
300 2360 461 2421 prorupere,
482 2336 620 2398 difficilius
641 2341 796 2401 reticentur.

123 2421 277 2501 Properata
305 2422 372 2482 inde
397 2422 558 2492 accusatio,
588 2423 732 2503 missisque
760 2421 797 2482 ad

125 2502 270 2564 Caesarem
288 2504 404 2574 litteris,
424 2502 553 2569 ordinem
570 2501 689 2573 fraudis,
706 2523 799 2562 suum-

124 2605 182 2664 que
195 2587 248 2666 ipsi
264 2585 382 2644 dedecus
397 2603 550 2645 narravere.
564 2583 634 2642 Non
651 2581 718 2642 aliis
730 2603 798 2642 mai-

126 2667 172 2748 gis
191 2670 275 2728 anxia
296 2675 323 2726 δι
342 2685 445 2746 pavens
462 2665 579 2734 civitas,
596 2685 681 2747 egens
700 2661 800 2722 adver-

123 2768 190 2808 sum
215 2750 385 2830 proximos3
414 2766 597 2829 congressus,
630 2744 796 2826 colloquia,
