2075 3659
249 299 319 344 200
373 280 409 349 C.
440 282 585 352 CORN.
617 284 814 351 TACJTJ

241 398 425 473 pulcherrimo
441 404 539 478 populi
559 401 682 461 Romani
697 403 837 483 fastigio,
863 405 938 463 lauro

254 480 445 559 Tacfarinas,
465 507 533 557 pace
561 480 588 543 ὁ·
611 484 785 543 concessione
807 507 939 563 agrorum

248 564 431 645 redimeretur.
454 564 515 627 Dat
530 566 680 646 negotium
699 565 813 635 Blaso,
833 585 938 625 ceteras

247 644 354 721 quidem
372 648 410 705 ad
426 668 502 721 spem
516 647 662 721 proliceret
682 668 762 705 araca
779 648 847 706 sine
863 670 940 705 noxa

243 727 367 801 ponendi
378 750 392 799 ;
413 727 502 803 ipsius
522 746 614 787 autam
637 728 714 787 dictis
729 749 840 805 quoquo
858 731 941 787 moda

244 808 391 882 potiretur.
422 870 423 875 ,
515 878 522 885 ¹

291 888 428 951 LXXIV.
446 890 485 951 Et
502 892 607 971 recepti
627 888 659 966 el
675 888 760 949 venii
776 890 909 972 plerique
930 915 938 948 z

248 991 320 1031 mox
333 968 479 1031 adversum
493 971 563 1033 artes
576 971 769 1032 Tacfarinatis
783 970 867 1033 haud
878 974 940 1033 dis·

247 1052 338 1111 simili
359 1053 447 1112 modo
467 1054 674 1136 belligeratum.
693 1053 774 1112 Nam
799 1056 871 1135 quia
890 1056 937 1113 ille

247 1132 352 1193 robore
379 1134 513 1211 exercitii}
531 1138 654 1215 impar,
675 1132 791 1195 furandi
813 1137 937 1205 melior,

247 1212 342 1295 plures
373 1236 421 1295 per
453 1217 556 1299 globos
580 1219 759 1287 incursaret,
789 1217 936 1277 eluderet·

249 1316 332 1377 que,
353 1305 381 1356 &
404 1298 519 1358 insidias
540 1299 624 1359 simul
646 1317 789 1369 tentaret3
817 1320 874 1359 tres
892 1301 939 1359 in-

248 1399 361 1449 cessus,
376 1379 497 1440 totidem
513 1382 631 1464 agmina
646 1396 779 1459 parantur
795 1401 803 1437 :
821 1402 856 1439 ex
876 1380 938 1461 quis

250 1458 404 1521 Cornelius
419 1462 515 1541 Scipio
527 1463 635 1544 legatus
649 1459 776 1540 praefuit,
789 1460 851 1542 qui
864 1484 936 1542 pra-

247 1540 334 1603 'dario
351 1544 381 1601 in
400 1544 554 1623 Leptinos,
580 1552 607 1603 &
627 1540 749 1625 suffugia
770 1542 939 1603 Garaman-

252 1643 337 1695 riun3
359 1625 416 1683 alio
438 1625 542 1696 latere,
561 1646 597 1683 ne
610 1623 786 1685 Cirtensium
801 1628 875 1708 pagi
886 1628 939 1684 im·

248 1726 327 1785 pune
346 1702 536 1777 traherentur,
559 1707 701 1786 propriam
717 1728 841 1766 manum
861 1707 936 1768 Blae·

252 1782 298 1845 ¹<us
320 1783 392 1846 filius
416 1784 496 1847 duxit
520 1811 527 1844 :
558 1786 654 1847 medio
668 1835 680 1859 ,
695 1810 774 1855 ,cum
800 1788 938 1861 delectis,

251 1865 365 1929 castella
385 1878 412 1929 &
428 1870 601 1929 munitiones
617 1869 726 1929 idoneis
743 1871 817 1929 locis
835 1872 938 1949 impo-

252 1971 345 2019 nens,
370 1948 426 2013 dux
444 1952 520 2031 ipse,
543 1972 603 2027 arta
627 1949 788 2011 &infensa
807 1949 941 2013 hostibus

254 2034 355 2091 cuneta
372 2030 493 2102 fecerat3
512 2034 596 2113 quia,
614 2054 732 2113 quoquo
748 2033 939 2105 inclinarent,

253 2134 317 2193 pars
333 2114 427 2195 aliqua
446 2114 544 2173 militis
560 2114 688 2176 Romani
706 2116 737 2173 in
755 2135 827 2183 ore,
849 2118 881 2175 in
899 2116 941 2175 la-

255 2214 330 2265 tere,
352 2204 380 2255 &
398 2217 466 2275 saepe
489 2218 506 2254 a
530 2215 610 2278 tergo
631 2215 689 2256 erat
712 2219 718 2251 ε
740 2196 883 2277 multique
904 2218 940 2255 eo

255 2275 346 2335 modo
369 2278 449 2346 casi,
474 2296 523 2337 aut
549 2279 742 2354 circumventi.
765 2275 852 2337 Tunc
881 2280 937 2337 tri-

254 2358 391 2437 partitum
413 2358 565 2417 exercitum
587 2360 678 2439 plures
695 2360 726 2417 in
748 2380 851 2418 manus
872 2358 937 2419 dis-

203 2466 204 2471 *
255 2440 368 2522 pergit,
381 2514 384 2521 ι
398 2440 589 2520 Praeponitque
623 2441 800 2499 centuriones
823 2442 938 2503 virtutis

256 2516 374 2601 elpertae
393 2541 483 2592 tuce,
503 2539 534 2581 ut
550 2543 614 2581 mos
634 2520 740 2592 fuerat,
761 2519 826 2581 acii
844 2520 939 2583 astate

257 2599 374 2663 retrahit
388 2602 502 2683 copias,
520 2624 570 2663 aut
583 2605 614 2662 in
626 2601 817 2663 hibernaculis
834 2607 938 2665 veteris

258 2686 407 2763 provincia
420 2687 568 2763 componit
579 2708 586 2741 z
597 2679 645 2745 sed
654 2705 685 2744 ut
696 2686 725 2743 in
735 2684 838 2743 limine
850 2684 938 2754 belli,

255 2764 399 2851 'dispositis
424 2759 559 2841 castellis,
576 2787 625 2851 per
646 2765 791 2850 expeditos
813 2773 843 2829 &
870 2766 940 2828 soli-
