2075 3659
253 288 503 363 Arruntium
527 296 612 367 Lrn.
637 301 667 369 I.
759 312 800 392 ⁶3

121 409 246 488 legatos,
260 411 340 488 quiem
351 417 429 473 dms
445 440 455 474 .·
469 438 650 491 compressum
663 444 680 479 α
693 427 807 487 mrtliere

121 493 286 552 seditionem
294 540 306 563 ,
313 497 358 553 cui
369 519 466 555 nomen
473 500 610 574 principis
619 500 742 583 obsistere
749 530 803 567 noa

120 574 253 649 quiverit.
286 577 470 638 Accendebat
500 576 580 652 baec,
611 584 803 668 onerabatque

120 654 256 733 Sejanus,
284 657 384 735 peritia
407 680 519 720 morum
542 662 653 723 Tiberii
676 666 744 726 odia
771 670 802 730 in

119 735 242 819 longum
265 740 394 817 jaciens,
418 762 481 821 quae
500 744 680 816 reconderet,
705 752 802 811 nulla-

119 839 177 899 que
195 840 344 898 promeret.

159 900 254 961 LXX.
279 903 320 963 At
342 902 529 966 Germanicus
554 908 700 990 legionum
728 932 799 992 quae

117 984 240 1042 naribus
260 1005 393 1057 rexerat,
417 989 589 1060 secundam,
616 1000 642 1051 &
688 1014 799 1056 uittam

119 1063 262 1125 decimam
286 1068 384 1126 itinere
405 1067 520 1129 terrelhi
544 1072 574 1131 P.
597 1015 718 1133 Vitellio
738 1074 796 1137 du·

117 1147 222 1206 tendas
245 1148 349 1219 tradit,
377 1147 435 1231 qub
460 1151 549 1211 levior
569 1152 661 1213 classis
687 1155 797 1219 vadoso

117 1231 192 1287 mati
207 1230 332 1299 innaret,
349 1232 395 1289 vel
411 1234 554 1311 reciproco
569 1236 678 1295 rideret.
693 1237 794 1297 Vitel-

115 1309 170 1372 lius
188 1313 310 1391 pn'mum
329 1314 383 1372 iter
401 1312 475 1380 sicci
491 1311 596 1386 bumo,
613 1338 663 1377 aut
681 1319 795 1381 modice

114 1391 268 1453 adlabente
295 1391 380 1465 aestu,
409 1396 538 1474 quietum
567 1394 667 1458 habuit
694 1422 701 1453 z
727 1422 796 1461 mox

114 1474 240 1555 impulsu
251 1478 408 1556 aquilonis,
420 1477 505 1535 simul
517 1476 605 1537 sidere
616 1481 796 1559 aequinodbii,

114 1577 174 1637 quo
191 1560 315 1619 maxime
335 1562 465 1619 tumescit
478 1559 628 1631 Oceanus,
647 1562 707 1638 rapi
725 1564 794 1645 agi-

136 1660 172 1697 ue
190 1662 295 1723 agmen
314 1665 321 1698 a
336 1649 364 1699 δι
377 1642 564 1722 opplebantur
579 1662 675 1703 tetrae:
692 1643 793 1706 eadem

113 1659 211 1792 itero,
231 1723 341 1793 littori,
364 1724 471 1802 campis
488 1722 595 1793 facies3
618 1740 708 1805 neque
729 1726 792 1787 dis·

115 1805 191 1862 cerni
207 1824 338 1884 poterant
353 1806 458 1865 incerta
477 1805 514 1863 ab
534 1805 650 1878 solidis,
667 1810 792 1871 breviaa

114 1884 261 1964 profundis
276 1911 283 1944 :
298 1884 455 1947 sternuntur
467 1888 612 1958 nauibus,
628 1886 793 1952 hauriuntur

114 1968 274 2049 gurgitibus
303 1974 480 2046 :jumenta‚
509 1969 644 2040 sarcinae,
674 1990 792 2048 corpora

114 2052 265 2121 exanima,
288 2051 466 2120 interfluunt,
484 2071 631 2111 occursant
650 2072 658 2107 a
675 2052 792 2128 permis·

113 2151 212 2197 centur
225 2135 298 2193 inter
316 2154 345 2191 se
364 2132 522 2211 manipuli,
546 2128 634 2189 model
660 2134 791 2209 pedlore,

113 2212 205 2272 modb
226 2224 274 2273 o're
288 2234 367 2272 tenus
377 2212 532 2283 exstantes,
547 2212 702 2293 aliquando
716 2214 787 2273 sub·

112 2299 204 2358 atauo
223 2299 286 2355 solo
304 2295 412 2374 disjecii
432 2316 481 2353 aut
495 2294 591 2357 obruti
611 2318 618 2353 ι
638 2317 696 2355 non
715 2318 789 2369 vox,

111 2386 140 2440 &
170 2381 262 2437 mutui
289 2375 416 2439 hortatus
436 2377 599 2455 juvabant,
626 2376 790 2438 adversante

112 2459 189 2521 unda
202 2483 209 2515 :
223 2457 296 2519 nibil
309 2457 431 2519 [hennus
442 2458 480 2517 ab
490 2460 615 2540 ignavo,
630 2460 739 2537 sapiens
751 2460 790 2517 ab

109 2542 299 2621 imprudenti,
312 2542 428 2600 consilia
439 2563 456 2598 a
468 2560 533 2598 casu
544 2537 651 2599 differre
669 2563 674 2595 ι
688 2543 789 2603 cuneta

108 2625 172 2703 pari
189 2624 327 2693 violentia
340 2620 563 2681 involvebantru.
579 2620 712 2679 Tandem
726 2622 786 2678 Vi·

109 2706 204 2765 tellius
225 2707 257 2764 in
279 2704 399 2763 editiora
426 2704 533 2773 enisus,
558 2700 658 2762 ebdem
683 2722 787 2781 agmen

109 2786 268 2851 subduxit:
296 2788 493 2868 pernoctavere
513 2787 573 2847 siue
598 2782 787 2859 utensilibus,
