2075 3659
271 308 338 381 314
390 283 428 350 C.
455 283 605 351 Coun,
639 281 843 350 TAcrrr

266 408 363 486 cipuos
380 403 543 462 libertorum
560 399 679 461 Caesaris
701 400 883 478 composuit,
898 399 946 480 ipsi

260 491 369 568 fluxam
386 486 464 544 senio
482 502 615 552 mentem,
631 477 658 540 ἃ
676 482 809 538 continuo
829 481 946 540 abscessu

267 569 344 630 velut
365 567 496 626 exsilium
515 561 696 644 objectando.
720 562 795 638 Qua
820 563 859 621 ab
876 561 946 621 here·

268 650 351 709 dibus
374 647 538 718 occultata,
556 645 666 705 recitari
687 643 828 703 Tiberius
847 647 946 722 jussit:

267 731 432 812 patientiam
457 729 593 788 libertatis
619 728 716 786 alienae
739 723 948 798 ostentans,&

267 830 446 892 contemptor
474 832 529 870 suae
561 808 686 868 infamia
712 852 720 878 ,
748 830 788 866 an
821 809 948 868 scelerum

268 894 366 975 Sejani
387 893 436 952 diu
463 894 591 962 nescius,
618 911 685 948 mox
713 910 837 971 quoquo
870 890 950 948 modo

269 976 346 1035 dieta
370 975 481 1057 vulgari
506 973 652 1042 malebat,
679 971 889 1051 veritatisque,
911 971 951 1030 cui

269 1056 396 1116 adulatio
414 1055 518 1126 officit,
540 1074 586 1134 per
605 1051 706 1132 probra
727 1053 833 1111 saltem
857 1074 951 1134 gnams

268 1136 338 1196 fieri.
376 1135 481 1196 lisdem
514 1135 612 1193 dicbus
634 1133 760 1194 Granius
795 1135 951 1194 Martianus

267 1237 401 1289 senator,
421 1215 438 1276 i
461 1216 498 1278 C.
522 1213 653 1278 Graccho
676 1213 836 1294 majestatis
860 1214 948 1294 postu-

269 1301 362 1371 latus,
389 1301 450 1358 vim
475 1300 540 1358 vitae
566 1319 619 1357 suae
643 1296 737 1356 attulit
764 1320 771 1354 :
799 1295 952 1377 Tatiusque

271 1381 426 1443 Gratianus
453 1378 571 1460 practura
598 1378 737 1449 functus,
761 1377 829 1461 lege
860 1379 952 1440 eadem

270 1483 428 1524 extremum
451 1461 487 1520 ad
507 1462 675 1542 supplicium
694 1461 863 1524 damnatus

314 1543 453 1605 XXXIX.
462 1543 525 1603 Nec
536 1543 656 1623 dispares
665 1542 864 1613 Trebellieni,
877 1541 938 1604 Rufi
945 1589 955 1614 ,

273 1628 410 1696 &Sextii
429 1627 584 1686 Paconiani
610 1626 705 1686 exitus.
731 1628 814 1686 Nam
837 1624 954 1686 Trebel·

271 1709 363 1768 lienus
389 1729 438 1767 sua
465 1729 552 1766 manu
577 1706 698 1780 cecidit3
724 1705 911 1770 Paconianus
929 1709 954 1766 in

273 1789 401 1859 carcere,
430 1788 470 1846 ob
497 1791 623 1848 carmina
651 1789 708 1848 illic
736 1793 766 1849 in
801 1791 954 1870 principem
1015 1853 1016 1856 Ἴ

230 1863 233 1870 ’
275 1868 423 1941 factitata,
448 1867 632 1953 strangulatus
654 1868 700 1930 est.
728 1871 805 1934 Haec·
827 1869 955 1931 Tiberius

276 1975 337 2014 non
364 1953 456 2021 mari,
480 1971 512 2010 ut
531 1953 625 2024 olim,
651 1951 776 2026 divisus,
799 1973 895 2034 neque
914 1973 956 2032 pes

277 2036 449 2119 longinquos
465 2037 578 2094 nuntios
595 2034 770 2112 accipiebat,
791 2034 842 2092 sed
862 2035 955 2092 urbem

276 2119 375 2198 juxta3
392 2114 492 2173 eodem
506 2134 538 2173 ut
549 2115 613 2186 die,
627 2115 672 2174 vel
685 2118 777 2178 noctis
790 2115 957 2194 interjectu,

277 2199 376 2259 litteris
406 2197 553 2256 consulum
578 2196 737 2256 rescriberet
762 2219 770 2256 :
799 2199 885 2278 quasi
910 2195 956 2256 ad-

277 2280 397 2358 spiciens
412 2277 567 2338 undantem
586 2299 633 2358 per
652 2277 755 2341 domos
771 2280 955 2419 sanpuinem,

278 2361 330 2418 'aut
346 2380 445 2418 manus
464 2359 634 2420 carnificum.
653 2361 721 2418 Fine
738 2361 806 2420 anni
846 2379 957 2440 oppaeus

279 2440 401 2502 Sabinus
423 2444 558 2500 concessit
579 2439 637 2500 vit&
649 2488 658 2512 ‚
671 2441 800 2502 modicus
819 2443 957 2526 originis,
1015 2497 1016 2500 ,

279 2524 439 2604 'principum
459 2519 585 2582 amicitia
605 2524 781 2584 consulatum
801 2545 835 2582 ac
859 2525 956 2584 trium·

281 2602 366 2685 phale
393 2604 476 2664 decus
500 2604 614 2684 adeptus
638 2629 644 2662 :
671 2606 861 2686 maximisque
891 2625 954 2685 pto⁴

282 2688 383 2745 vinciis
418 2707 465 2766 pet
503 2703 622 2765 quatuor
657 2695 684 2748 &
726 2687 833 2768 viginti
872 2706 955 2746 annos

281 2769 428 2852 impositus
440 2790 450 2840 3
475 2768 582 2829 nullam
607 2768 651 2828 ob
683 2769 820 2830 eximiam
851 2789 953 2842 artem,
