2075 3659
172 295 420 368 Ananiam
444 295 530 364 Ira.
560 295 625 366 VI.
684 317 746 384 311

45 437 184 481 metent
213 441 221 475 τ
248 415 336 477 modo
364 415 493 498 equestris
523 417 613 496 proelii
647 436 750 487 more,

50 502 176 562 frontis
193 509 220 560 &
241 501 311 582 tergi
327 499 421 569 vices3
440 497 616 578 aliquando,
637 515 667 554 ut
682 514 751 554 con-

50 583 145 642 ferta
165 583 261 652 acies,
280 579 442 660 corporibus
461 587 489 638 &
508 579 589 658 pulsu
607 597 751 638 armorum

53 665 231 744 pellerent,
253 661 426 743 pellerentur.
455 661 575 742 Jamque
598 668 625 719 δι
644 658 754 718 Albani

52 745 206 825 Iberique
251 759 379 812 tensam,
412 741 574 812 detrudere,
599 741 751 818 ancipitem

55 847 203 908 pugnam
232 763 357 883 dostibus
387 821 505 892 facere3
539 843 610 902 quos
642 839 751 899 super,

57 928 180 988 eques,
208 914 235 965 δι
256 905 433 986 propioribus
461 903 621 962 vulneribus
645 901 752 980 pedites

57 987 269 1048 adfliilabant.
287 987 362 1045 Inter
378 1008 439 1066 quae
453 982 655 1044 Pharasmanes
673 981 752 1040 Oro-

60 1070 205 1150 desque,
228 1068 297 1126 dum
319 1066 432 1126 strenuis
452 1065 572 1135 adsunt,
594 1083 642 1123 aut
663 1063 750 1122 dubi-

62 1153 202 1211 tantibus
234 1150 433 1219 subveniunt,
466 1147 631 1226 conspicui,
660 1142 752 1225 ebque

64 1234 181 1327 gnari,
202 1232 340 1301 clamore,
359 1230 439 1298 telis,
457 1231 536 1308 equis
558 1244 724 1284 concurrunt
746 1249 753 1282 ε

66 1311 227 1374 mstantiris
247 1309 472 1378 Pharasmanes;
499 1329 567 1374 nam
586 1307 685 1366 vulnus
708 1326 756 1384 per

92 1396 194 1455 aleam
216 1393 338 1476 adegit:
361 1411 412 1449 nec
435 1391 532 1447 iterare
555 1388 664 1456 valuit,
687 1407 755 1465 prac-

67 1415 152 1538 iatus
175 1497 272 1557 equo,
296 1470 498 1534 &fortissimis
517 1469 667 1530 satellitum
690 1487 756 1544 pto-

72 1577 103 1618 te
127 1558 243 1618 entibus
267 1555 401 1614 saucium.
431 1553 519 1610 Fama
550 1569 645 1608 tamen
671 1548 757 1607 occisi

74 1579 156 1701 saiso
186 1638 311 1707 credita,
341 1635 470 1693 exterruit
492 1629 632 1700 Parthos,
659 1630 754 1688 vidio-

71 1724 153 1782 riam
178 1741 211 1779 ue
226 1737 391 1778 concessere.

120 1743 302 1864 XbXVI.
325 1798 398 1857 Mox
418 1793 578 1856 Artabanus
597 1810 657 1851 tota
679 1791 757 1851 mole

76 1885 165 1968 regni
187 1883 277 1942 ultum
298 1881 351 1950 iit3
373 1875 471 1958 peritii
488 1877 616 1934 locorum
639 1872 676 1930 ab
695 1873 758 1930 lbe-

77 1968 117 2026 ris
129 1962 232 2024 melitis
244 1980 399 2044 pugnatum
411 1982 417 2015 ε
429 1978 480 2017 nec
493 1955 558 2013 ideo
569 1952 756 2021 abscedebat,

78 2050 112 2108 ni
133 2046 285 2106 contractis
301 2040 460 2122 legionibus
474 2034 608 2094 Vitellius
625 2041 673 2102 ,δι
691 2033 758 2091 sub-

18 2154 22 2162 ’
80 2129 146 2190 dito
165 2145 276 2185 tumore
294 2140 440 2200 tamquam
460 2115 702 2193 Mesopotamiam
719 2116 761 2174 in-

80 2229 221 2276 vasurus,
249 2221 356 2267 metum
386 2199 511 2258 Romani
544 2195 610 2254 belli
643 2193 759 2255 fecissei.

82 2290 167 2352 Tum
183 2288 286 2346 omissa
302 2284 453 2353 Armenia,
469 2297 606 2357 versatque
623 2277 762 2336 Artabani

84 2395 128 2434 res
142 2398 154 2446 3
158 2368 313 2444 ,inliciente
325 2364 465 2432 Vitellio,
486 2365 636 2421 desererent
654 2381 760 2437 regem,

84 2476 191 2516 savum
208 2452 238 2509 in
253 2471 338 2523 pace,
353 2444 380 2506 θ
394 2445 519 2505 adversis
529 2441 687 2514 proeliorum
698 2440 760 2497 exi·

88 2538 199 2594 tiorum.
214 2531 302 2614 Igitur
313 2530 460 2595 Sinnaces,
472 2541 557 2604 quem
570 2541 651 2579 antea
662 2519 759 2577 infen-

88 2637 153 2676 sum
166 2611 341 2680 memoravi,
354 2626 461 2688 patrem
471 2602 657 2682 Abdagesen,
671 2601 761 2657 alios-

90 2717 146 2777 que
168 2694 292 2754 occultos
317 2689 448 2757 consilii,
474 2694 501 2746 &
531 2701 596 2742 tunc
625 2679 763 2737 continuis

91 2777 219 2840 cladibus
253 2771 468 2857 promptiores,
502 2763 550 2829 ad
574 2761 763 2824 defedlionem
