2075 3659
201 283 451 360 Annnutun
476 287 561 359 Lis.
587 292 637 360 II.
693 316 754 361 101

77 411 173 485 spatio
195 432 295 481 mens,
316 414 434 481 domus,
450 404 595 489 s'et'rtuna?
625 412 761 487 superbire

79 493 207 551 homines
219 492 306 551 etiarn
319 515 410 551 annua
427 493 617 570 designatione
631 515 640 550 :
655 494 722 570 quid
734 496 762 551 si

79 573 211 631 honorem
227 596 278 647 per
295 574 506 651 quinquennium
524 575 656 652 agitent?
679 576 760 651 quin-

80 655 231 731 quiplicari
240 676 355 729 prorsus
374 656 566 735 magistratus,
584 655 707 716 subveni
726 652 740 713 l
750 688 763 699 -

77 758 147 813 ges,
169 757 227 812 quae
248 758 300 793 sua
322 738 417 809 spatia
433 739 582 794 exercende
601 737 762 794 candidato·

80 838 141 873 runt
161 817 318 897 industrie,
339 816 536 893 quaerendisque
556 834 604 875 aut
617 819 763 891 potiundis

81 897 231 955 honoribus
240 899 395 977 statuerint.

119 976 280 1036 XXXVII.
305 978 466 1038 Favorabili
493 981 523 1037 in
547 980 668 1059 speciem
691 998 759 1039 ora·

79 1059 161 1119 tione
179 1061 241 1117 vim
256 1061 368 1139 imperii
385 1062 484 1119 tenuit.
504 1060 670 1143 Censusque
690 1082 760 1142 quo-

77 1140 212 1199 rumdam
231 1161 393 1200 senatorum
407 1143 479 1219 juvit
497 1163 504 1197 t
523 1141 581 1222 qui)
595 1145 687 1226 magis
704 1145 760 1202 mi-

77 1243 141 1281 rum
155 1221 231 1292 fuit,
252 1219 329 1303 quiid
347 1244 439 1302 preces
458 1223 503 1283 Μ.
522 1224 637 1283 Hortali
656 1224 761 1283 nobilis

78 1305 208 1382 juvenis,
232 1304 262 1361 in
287 1324 447 1383 paupertate
470 1302 641 1373 manifesta,
667 1324 762 1383 supet-

78 1383 142 1443 bitis
160 1386 319 1462 accepisset.
343 1386 441 1464 Nepos
460 1405 520 1444 erat
538 1387 656 1445 oratoris
676 1385 758 1443 Hor-

78 1468 184 1536 tensii,
200 1466 318 1525 inlecius
333 1488 350 1524 a
367 1467 435 1525 divo
448 1464 578 1548 Augusto
592 1466 761 1526 liberalitate

77 1548 172 1606 decies
195 1544 311 1607 sestertii
339 1547 438 1607 ducere
461 1568 598 1618 uxorem,
625 1548 760 1627 suscipere

75 1628 205 1698 liberos,
231 1649 267 1686 ne
287 1629 441 1687 clarissima
465 1628 576 1687 familia
602 1626 761 1712 exstingue-

72 1730 162 1770 -setue
186 1709 278 1792 Igitur
293 1730 414 1791 quamne
437 1708 502 1770 filiis
524 1730 589 1771 ante
607 1712 695 1770 limen
716 1732 762 1771 cu

77 1794 126 1851 riae
146 1788 340 1863 adstantibus,
359 1793 425 1851 loco
442 1794 601 1863 sententiae3
621 1814 709 1873 quum
730 1795 760 1853 in
826 1822 832 1837 ¹

77 1875 189 1953 palatio
207 1892 317 1932 senatus
335 1871 503 1944 haberetur,
523 1872 614 1933 modi>
633 1874 762 1934 Horten-

76 1957 113 2013 sii
128 1956 205 2013 intes
222 1974 348 2014 oratores
367 1958 450 2014 sitam
472 1957 649 2038 imaginem,
671 1954 762 2014 modis

76 2033 203 2118 ¹Augusti
215 2036 344 2105 intuens,
363 2036 399 2095 ad
418 2034 493 2095 hunc
511 2036 631 2094 modum
651 2038 760 2114 coepit:

78 2116 180 2175 Patres
199 2118 364 2190 conscripti,
385 2118 435 2175 hos
453 2139 564 2193 quorum
579 2138 716 2175 numerum
735 2114 762 2176 δ’

74 2198 230 2271 pueritiam
251 2198 374 2267 videtis,
395 2220 450 2256 non
466 2215 563 2271 sponte
580 2198 675 2279 sustuli
688 2246 699 2269 ,
713 2202 764 2257 sed

78 2280 145 2354 quia
161 2280 294 2353 princeps
305 2279 434 2338 'monebat
448 2303 458 2337 :
476 2280 565 2337 simul
577 2281 693 2361 nzajores
707 2282 763 2341 mei

77 2378 254 2429 meruerant,
274 2378 304 2418 ut
318 2361 434 2441 posteros
448 2360 578 2420 haberent
591 2386 602 2419 .·
616 2383 680 2420 nam
694 2384 762 2441 ego,

76 2442 127 2517 qui
146 2464 203 2499 non
216 2442 383 2514 pecuniam,
401 2464 456 2499 non
467 2443 560 2523 studia
575 2444 688 2517 populi,
714 2466 762 2500 ne-

75 2544 125 2597 que
146 2523 351 2597 eloquentiam,
369 2524 472 2600 gentile
485 2526 580 2581 domus
600 2525 691 2604 nostru
713 2523 761 2580 bo·

78 2626 143 2661 num
155 2649 167 2673 ,
185 2604 492 2676 varietate'temporurn
509 2604 693 2677 accipere-nel
703 2626 761 2677 pa-

80 2706 140 2743 rcre
146 2686 322 2759 potuissem,
334 2685 407 2742 satis
421 2683 566 2755 habebam,
577 2686 605 2742 si
617 2702 707 2743 tenues
720 2706 762 2742 res

77 2786 141 2826 enee
163 2788 214 2827 nec
239 2765 312 2827 milti
333 2767 453 2840 pudori,
478 2789 526 2826 nec
548 2767 672 2842 cuiquam
687 2767 763 2826 oneri

565 2848 591 2907 E
612 2849 642 2926 iij
