2075 3659
215 287 463 395 Arretino
488 322 573 393 [η.
598 322 665 394 IV.
725 346 791 412 233

161 444 344 505 XXXIV.
376 442 514 505 Cornelio
544 444 663 514 Cosso,
693 442 796 503 Asinio

114 521 795 619 ¹AgrippaCoss.CremutiusCorduspoliulatut,

118 629 200 666 novo
229 629 261 667 ac
293 628 358 667 tunc
378 604 501 687 primiim
527 606 625 666 audito
653 608 770 665 cnmioe
783 652 796 674 ,

117 688 217 765 quad,
249 690 332 748 editis
363 688 527 756 annalibus,
558 689 717 764 laudatoque
745 687 795 748 Μ.

119 769 226 840 Bruto,
251 774 279 829 C.
307 770 432 830 Cassium
450 768 646 828 Romanorum
662 770 797 829 ultimum

118 851 248 910 dixisset.
266 850 446 911 Accusabant
468 850 574 911 Satrius
591 849 748 922 secundus,
768 860 797 911 δε

119 931 249 991 Pinarius
268 931 381 1002 Natta,
403 930 498 1010 Sejani
518 930 632 991 clientes
656 955 663 988 :
686 930 717 991 id
754 952 798 991 et·

120 1013 256 1073 nicinbile
269 1034 334 1083 teo,
352 1022 380 1072 &
398 1012 492 1073 Caesar
510 1014 580 1073 truci
596 1012 676 1072 vultu
692 952 796 1073 deliin-

119 1094 230 1154 sionem
246 1096 384 1175 accipiens
409 1116 417 1150 :
438 1115 525 1174 quam
545 1094 723 1167 CremutiuS,
747 1114 795 1153 te-

120 1176 280 1257 linquendae
307 1177 371 1235 vitae
392 1195 507 1246 certus,
531 1176 561 1234 in
584 1172 656 1235 hunc
677 1174 798 1235 modom

121 1278 233 1317 exorsus
249 1254 288 1315 est
305 1279 311 1313 ε
335 1257 369 1316 V
364 1257 425 1315 erla
438 1280 497 1317 ntea
507 1303 516 1327 ,
526 1275 620 1329 potres
630 1258 778 1331 conscripti
784 1302 807 1326 ,⁴

120 1358 273 1418 arguuntur
284 1340 373 1397 :adeo
377 1339 513 1416 fallarum
525 1339 653 1396 innocens
659 1360 729 1397 sum.
742 1336 801 1397 Sed

119 1442 203 1497 neque
224 1420 278 1481 liae
297 1421 326 1477 in
343 1420 516 1493 principem,
536 1436 585 1475 aut
597 1419 735 1491 principis
746 1440 798 1491 pa·

120 1521 251 1571 rentem,
279 1522 343 1579 quos
362 1502 407 1559 lex
429 1500 578 1581 majestatis
598 1500 798 1573 amplellitur:

119 1583 240 1643 Brutum
259 1579 285 1641 ἃ
310 1582 435 1642 Cassium
447 1581 608 1639 laudavisse
619 1580 718 1639 dicor:
732 1602 798 1657 quo·

118 1687 181 1723 rum
196 1687 239 1723 res
255 1665 341 1745 gestas
360 1684 438 1739 quum
454 1660 572 1735 plurimi
584 1662 801 1735 composuerint,

117 1768 199 1805 nemo
217 1746 278 1803 sine
296 1744 399 1825 honore¹
412 1745 583 1803 memorauit.
605 1743 686 1802 Titus
696 1743 799 1803 Livius

117 1827 278 1904 eloquentia
302 1849 333 1884 ac
355 1826 426 1905 fidei
448 1822 594 1900 praelarus
623 1826 654 1883 in
675 1825 799 1899 primis,

122 1908 362 1981 Cn.-Pompeium
394 1908 480 1965 tantis
509 1905 635 1965 laudibus
660 1907 748 1973 tulit,
771 1924 800 1963 ut

117 1990 330 2069 Pompeianum
363 2009 423 2046 eum
453 1986 590 2066 Augustus
622 1988 798 2059 appellaret:

118 2094 205 2147 neque
219 2072 253 2128 id
260 2070 392 2129 amicitia
403 2090 492 2127 earum
507 2067 606 2144 offecit.
621 2065 797 2139 Scipionem,

118 2152 292 2229 Afranium,
308 2150 378 2207 ltunc
391 2150 479 2222 ipsum
495 2148 637 2215 Cassium,
648 2146 719 2206 luenc
728 2147 799 2206 Bru-

119 2252 180 2291 tum
190 2279 200 2304 ,
220 2254 352 2309 nusquam
373 2230 493 2289 latrones
514 2238 542 2287 ὅ(
560 2228 709 2308 parricidas
721 2273 730 2298 ,
744 2251 800 2305 qua

119 2336 195 2374 nunc
217 2312 348 2373 uocabula
373 2312 568 2385 imponuntur,
586 2332 656 2385 sape
675 2331 706 2369 ut
727 2311 799 2368 insi-

119 2396 188 2475 gnis
197 2395 274 2454 uiros
280 2393 413 2452 nominat.
421 2390 523 2451 Asinii
532 2392 672 2451 Pollionis
678 2392 798 2464 scripta,

120 2476 259 2554 egregiam
266 2478 415 2533 eorumdem
423 2475 581 2532 memoriam
591 2477 710 2532 tradunt.
722 2472 801 2531 Mes-

121 2558 202 2615 salla
230 2558 382 2625 Coroinus,
409 2556 596 2629 imperatorem
621 2574 699 2612 suurn
732 2555 799 2612 Cas-

122 2640 201 2697 sium
225 2637 390 2711 predicabat
426 2660 435 2693 :
465 2632 493 2694 ἃ
519 2653 625 2709 uterque
657 2634 800 2709 opibusque

124 2738 207 2795 atque
220 2717 366 2777 honoribus
372 2717 541 2794 peruiguere.
552 2714 649 2773 Marci
663 2715 800 2773 Ciceronis

125 2800 225 2873 libro,
251 2822 302 2879 quo
330 2802 458 2863 Catonem
478 2798 544 2860 celo
567 2797 706 2877 aptavit,
736 2796 803 2874 quil
