2075 3659
232 300 277 363 80
351 296 388 362 C.
419 297 564 364 Corn.
599 298 791 365 TAcrrr

231 411 341 483 fecere‚‘
365 414 401 473 ad
425 415 538 473 famam·
557 414 694 475 adventus
712 420 770 493 ejus
796 413 915 496 dilapsi,

231 494 390 553 Tumulum
407 517 502 555 tamen
522 518 609 576 nuper
627 496 761 555 Varianis
782 498 915 578 legioni-

232 577 284 637 bus
305 575 454 648 stnretum,
474 586 501 637 ὃς
520 598 642 639 veterem
663 598 742 637 aram
760 578 855 636 Druso
872 582 916 638 si-

233 659 294 719 tam
316 658 481 737 disjecerant
503 681 509 714 ι
529 658 648 718 restituit
667 680 745 719 aram
756 682 765 727 3
789 656 916 718 honori-

233 761 289 818 que
317 742 402 819 patris
432 741 559 820 princeps
581 743 640 819 ipse
666 762 730 799 cum
752 740 920 822 legionibus

234 822 389 881 decucurrit
406 845 414 878 ε
429 821 569 881 tumulum
587 824 684 881 iterare
703 819 779 879 haud
797 824 892 881 visum
912 848 919 881 ε

233 911 262 961 &
284 906 383 963 cuncta
410 904 482 961 incer
506 900 649 960 castellum
680 901 853 973 Alisonem,
884 926 919 963 ac

233 980 387 1053 Rhenum,
415 984 497 1041 novis
523 983 679 1053 limitibus,
708 985 920 1065 aggeribusque

235 1084 403 1143 permunita.

276 1144 360 1203 VIII.
383 1145 504 1225 Jamque
522 1146 615 1205 classis
631 1146 802 1216 advenerat,
828 1168 920 1227 quum

235 1227 377 1306 premisso
396 1224 576 1297 commeatu,
596 1237 624 1287 δε
647 1226 800 1287 distributis
820 1230 853 1287 in
877 1229 921 1295 Ie-

236 1310 337 1389 giones
363 1329 397 1367 ac
428 1310 519 1387 socios
547 1309 689 1380 navibus3
719 1309 845 1380 fossam,
874 1313 923 1369 cui

236 1388 388 1448 Drusianae
405 1411 525 1460 nomen,
550 1390 710 1472 ingressus,
735 1390 920 1472 precatusque

236 1471 362 1534 Drusum
382 1492 511 1551 patrem,
533 1490 562 1529 ut
582 1495 611 1530 se
634 1476 726 1531 eudem
749 1495 866 1543 aarum,
887 1476 924 1531 l-

239 1552 302 1611 bens
318 1554 494 1630 placatusque
514 1554 684 1626 exemploru
704 1556 837 1613 memorie}
857 1576 924 1614 con·

238 1635 368 1691 tiliorum
382 1654 459 1711 utque
474 1656 582 1707 operum
589 1636 729 1713 jacuerat,¹
742 1636 819 1695 lacus
834 1636 923 1709 inde,

238 1725 267 1774 &
288 1714 458 1785 Oceanum,
478 1714 618 1795 usquead
638 1716 779 1775 Amisiam
797 1719 923 1788 flumen,

237 1794 361 1855 secunda
387 1798 572 1879 navigatione
603 1794 761 1877 pervehitur
790 1820 798 1855 ε
826 1800 925 1859 classis

239 1878 357 1937 Amisiae
380 1879 495 1949 remia,
519 1878 590 1939 Iaevo
612 1901 718 1951 amne3
743 1900 925 1961 erratumque

239 1961 270 2019 in
296 1980 352 2030 eo,
377 1958 455 2041 quod
475 1982 535 2020 non
560 1960 689 2022 subvexit
713 1985 720 2018 :
750 1964 926 2046 transposuit

240 2041 386 2112 militem,
410 2042 518 2102 dextras
544 2044 574 2100 in
601 2063 684 2102 terras
712 2045 817 2102 iturum
846 2068 853 2101 z
883 2046 926 2104 ita

241 2123 332 2202 plures
360 2123 418 2183 dies
438 2122 589 2183 efficiendis
612 2124 745 2203 pontibus
766 2126 923 2205 absumpti.

242 2204 284 2263 Et
298 2226 381 2284 eques
396 2205 512 2285 quidem
523 2227 555 2263 ac
571 2204 696 2287 legiones
713 2208 803 2285 prima
820 2204 924 2266 aestua-

242 2287 304 2352 ria,
328 2286 457 2344 nondum
474 2286 649 2345 adcrescente
673 2286 765 2355 unda,
788 2288 926 2367 intrepidi

243 2367 376 2425 transiere
394 2391 400 2423 :
415 2364 586 2446 postremum
608 2368 778 2427 auxiliorum
792 2390 899 2450 agmen
915 2414 925 2440 ,

242 2446 400 2529 Batavique
409 2450 439 2507 in
450 2455 527 2528 parte
539 2469 589 2517 ea,
599 2448 667 2507 dum
679 2450 815 2509 insultant
824 2452 925 2530 aquis,

243 2549 390 2611 artemque
418 2529 504 2590 nandi
538 2528 701 2600 ostentant,
734 2531 864 2600 turben,
898 2540 927 2591 &

244 2610 363 2691 quidam
379 2608 468 2671 hausti
482 2633 557 2673 sunt.
574 2612 700 2673 Metanti
710 2609 800 2671 ‘castra
815 2612 929 2673 Caesari

246 2695 479 2775 Angrivariorum
496 2692 644 2753 defeciioa
657 2713 736 2776 tergo
751 2696 901 2753 nunciatur
918 2716 926 2750 :

230 2775 345 2835 ‘anesus
371 2775 449 2835 illico
480 2776 627 2839 Stertinius
660 2796 725 2835 cum
755 2776 873 2856 equite,
899 2783 929 2835 &a
