2075 3659
239 269 489 341 Aumatium
515 275 600 343 Lis.
626 276 658 343 I.
740 298 781 359 ¹7

100 392 124 447 ri
154 386 337 459 abnuerent,
364 412 413 451 aut
437 372 557 471 impares
577 394 712 462 vellent,
737 396 783 455 vtl

100 469 191 527 iidem
214 491 327 550 possent
348 493 559 554 cuperentque:
582 474 629 531 M.
653 476 784 548 chidum

101 550 210 611 dixerat
234 576 356 626 capacem
376 600 388 623 ‚
406 557 458 613 scd
475 575 691 629 aspernantem:
712 556 785 615 Gar·

99 633 158 689 lum
165 631 305 707 Asinium
316 637 452 703 avidum,
471 633 497 695 ἃ
510 636 642 694 minorem
654 660 665 694 .·
677 636 711 695 L.
725 637 785 695 Ar·

99 715 224 772 runtium
235 738 290 773 non
310 716 452 794 indiguum
463 760 473 785 ,
488 713 515 775 f?
527 718 556 774 si
569 738 648 775 casus
658 720 785 787 daretur,

99 816 242 853 attsurum.
271 796 317 855 De
347 797 484 875 prioribus
518 798 698 857 consentitur.
730 796 786 857 Pto

100 874 240 935 Arruntio
261 875 379 957 quidam
402 876 458 937 Cn.
478 877 613 938 Pisonem
630 876 788 939 tradidere:

14 984 16 993 ¹
100 976 260 1037 omnesque
287 978 382 1037 praetet
411 958 577 1035 Lepidum,
605 960 692 1019 variis
718 981 788 1020 mox

102 1038 291 1108 criminibus,
309 1036 428 1099 struente
451 1038 593 1111 Tiberio,
613 1042 788 1103 circumven-

101 1118 128 1178 ti
150 1138 223 1178 sunt.
247 1118 346 1178 Etiam
364 1120 402 1195 Q.
427 1120 560 1181 Haterius
580 1130 607 1181 δι
625 1122 788 1183 Mamercus

102 1199 245 1270 Scaums,
266 1202 434 1280 suspicacem
462 1204 592 1261 animum
618 1202 786 1282 perstrinxe-

102 1300 134 1339 re
146 1280 299 1342 :Haterius
316 1302 402 1363 quum
415 1281 553 1352 dixisset,
580 1284 724 1363 Quousque
731 1308 789 1359 pa-

103 1362 211 1430 tieris,
235 1364 346 1431 casar,
366 1384 419 1421 non
442 1366 537 1423 adesse
556 1382 635 1437 caput
657 1364 787 1439 reipub?

103 1440 226 1503 Scaurus
241 1444 307 1523 quia
324 1441 451 1513 dixerat,
466 1466 543 1519 spem
554 1466 613 1505 esse
631 1468 668 1505 ex
683 1467 713 1504 ιο
733 1468 790 1507 nou

105 1524 211 1583 inritas
221 1524 285 1599 sore
305 1524 415 1584 senaab
432 1546 549 1598 preces,
568 1525 642 1601 qudd
660 1527 791 1586 relationi

104 1604 248 1663 consulum
252 1605 317 1687 jure
337 1604 486 1665 tribunitia
504 1606 647 1681 potestatis
663 1630 718 1667 nort
738 1608 789 1668 irt-

107 1686 287 1745 terccssisser.
314 1684 348 1745 In
373 1684 523 1747 Haterium
545 1683 640 1749 statim
666 1690 791 1751 invedius

107 1764 149 1825 est
161 1790 171 1839 3
191 1766 348 1839 Scaurum,
369 1768 413 1829 cui
427 1767 631 1850 implacabilius
645 1771 790 1831 irasceba-

108 1868 181 1921 tur,
201 1848 312 1909 silentio
336 1852 456 1912 tramisit
479 1876 486 1910 ι
511 1848 647 1935 feffusque
668 1853 792 1913 clamore

108 1930 262 2003 omnium,
282 1929 500 2011 expostulatione
524 1934 722 2017 singulorum,
740 1936 793 1995 fle-

107 2013 152 2071 xit
171 2012 339 2090 paullatim,
361 2035 420 2073 non
440 2035 471 2076 ut
494 2013 627 2075 frueretur
655 2018 756 2095 suscipi
774 2038 793 2077 a

109 2113 139 2154 se
160 2094 330 2173 imperium,
345 2093 393 2153 sed
409 2113 440 2154 ut
460 2116 563 2175 negare
579 2104 606 2156 δι
622 2095 716 2177 rogari
736 2095 790 2159 de-

110 2174 223 2234 sineret.
247 2170 370 2235 Constat
390 2174 564 2247 Haterium,
584 2196 671 2256 quum
691 2176 724 2235 de
744 2198 792 2236 te-

110 2252 197 2313 candi
215 2252 296 2315 causti
313 2254 451 2335 palatium
468 2258 630 2328 introisset,
643 2198 794 2319 ambulan-

82 2400 85 2409 ,
110 2336 203 2417 risque
223 2334 332 2395 Tiberii
350 2358 440 2420 genna
462 2324 681 2409 advolveretur,
705 2342 794 2420 prope

110 2438 129 2476 a
161 2417 301 2478 militibus
328 2416 505 2479 interfedum
526 2465 539 2488 ,
568 2420 635 2500 quia
660 2418 793 2483 Tiberius

111 2518 200 2569 casu,
223 2520 260 2557 an
281 2498 410 2559 manibus
430 2505 487 2579 ejus
508 2500 680 2578 impeditus,
701 2503 795 2581 proci-

112 2576 192 2638 derat
216 2602 223 2635 :
250 2600 340 2661 neque
362 2601 466 2651 ¹tamen
497 2581 620 2657 periculo
649 2582 713 2641 talis
741 2583 795 2643 viri

111 2660 262 2741 mitigatus
284 2657 344 2730 est,
369 2660 459 2721 donec
481 2660 614 2721 Haterius
637 2658 794 2742 Augustam

111 2759 234 2811 oraret,
256 2744 368 2823 ejusque
388 2742 566 2803 curatissimis
586 2742 714 2826 precibus
732 2764 796 2827 pto-

112 2839 262 2907 tegeretur.
