2075 3659
284 308 359 374 ‘266
411 299 448 371 C.
477 301 625 370 contr.
658 292 853 368 Tacrr'r

275 443 352 506 erga
364 420 492 482 adflictos
503 422 598 501 palam
611 416 782 480 ostentabat.

326 503 448 563 LXXII.
460 502 573 562 Eodem
586 522 663 559 anno
674 501 772 570 Frisii,
789 497 966 562 transrhena·
1024 545 1025 554 η

283 607 336 646 nus
353 586 487 664 populus,
507 603 606 663 pacem
623 601 753 653 exsuere,
767 580 868 641 nostrai
883 587 965 664 magis

283 666 426 735 avaritia,
442 663 530 746 quim
550 665 680 744 obsequii
694 665 892 743 impatientes.
912 664 965 723 Tri·

285 747 387 807 butum
409 749 443 807 iis
463 747 572 806 Drusus
595 749 710 824 jusserat
733 744 908 816 modicum,
923 767 966 825 pro
1024 741 1025 770 ³

285 827 415 912 angustia
429 848 538 899 rerum,
551 846 581 886 ut
597 826 629 884 in
644 848 709 885 usus
725 827 890 897 militares,
901 831 966 885 cotie

283 910 365 972 boun
384 913 532 985 penderent
555 929 646 966 :non
669 906 778 967 intenti
803 913 966 989 cujusquam

285 990 373 1061 euris,
393 1012 455 1072 qua
473 988 636 1059 firmitudo,
658 1009 720 1069 quae
739 1009 894 1060 mensura3
917 990 965 1048 do-

285 1092 338 1132 nec
354 1072 514 1143 Olennius,
536 1092 550 1128 e
569 1071 816 1152 primipilaribus,
841 1072 967 1153 regendis

282 1153 381 1213 Frisiis
407 1155 575 1232 impositus,
604 1169 680 1230 terga
708 1173 820 1210 urorum
845 1153 967 1236 delegit,

285 1254 408 1316 quorum
430 1234 466 1294 ad
483 1233 609 1292 formam
629 1233 831 1312 acciperentur.
853 1234 889 1292 Id
913 1236 968 1293 aliis

282 1337 401 1398 quoque
418 1315 581 1375 nationibus
598 1313 736 1384 arduum,
756 1314 834 1393 apud
854 1315 969 1376 Germa·

286 1419 340 1458 nos
361 1395 500 1458 difficilius
516 1394 706 1467 tolerabatur,
727 1394 790 1475 quis
810 1397 969 1479 ingentium

287 1479 445 1539 belluarum
474 1476 583 1538 feraces·
612 1476 715 1547 saltus,
746 1476 864 1536 modica
893 1478 969 1537 domi

287 1580 415 1622 armenta
427 1579 498 1620 sunt.
513 1559 558 1619 Ac
574 1555 666 1638 primo
683 1557 770 1618 boves
788 1559 886 1637 ipsos,
906 1581 969 1618 mor

286 1663 307 1702 a
328 1663 396 1712 ros,
422 1637 564 1721 'postremb
597 1659 714 1719 corpora
739 1644 899 1722 conjugum
927 1659 970 1700 aut

288 1663 460 1794 lilerorum,
478 1723 593 1781 servitio
612 1719 769 1780 tradebant.
786 1720 867 1780 Hinc
888 1723 929 1782 ira
945 1731 969 1782 δι

288 1802 424 1885 questus:
443 1801 637 1884 &postquam
656 1823 716 1861 non
733 1801 969 1873 subveniebatur,
1023 1873 1024 1882 ἵ

289 1884 446 1946 remedium
473 1905 507 1943 ex
534 1884 610 1942 bello
638 1905 644 1940 :
673 1885 764 1963 rapti,
792 1887 843 1963 qui
865 1885 968 1944 tributo

288 1967 407 2027 aderant
428 1967 551 2036 milites,
572 1963 746 2044 &patibulo
763 1961 862 2024 adfixi,
883 1965 970 2025 Olen-

289 2051 354 2110 nius
369 2047 494 2108 infensos
509 2045 579 2130 fugit
596 2047 745 2126 praevenit,
764 2065 890 2126 receptus
907 2067 968 2106 cas·
1023 2055 1024 2058 ’

286 2130 360 2191 -tello
384 2131 559 2189 cui'nomen
574 2127 695 2188 ¹Flevum
712 2151 723 2186 .·
742 2135 770 2187 &
791 2124 869 2187 haud
890 2149 968 2208 sper-

289 2211 385 2272 nenda
416 2211 476 2270 illic
505 2211 610 2270 citium
640 2211 840 2290 socIorumque
872 2229 970 2269 manus
1023 2247 1024 2270 ÷

290 2294 386 2354 littora
400 2293 511 2351 Oceani
522 2289 694 2371 praesidebat.
1023 2291 1024 2344 3

334 2373 470 2432 LXXIII.
483 2371 572 2449 Quod
580 2372 632 2444 ubi
642 2373 674 2431 L.
689 2371 819 2451 Apronio
830 2369 969 2430 inferioris
1023 2365 1024 2384 ²

294 2455 455 2517 Germaniae
479 2452 640 2536 propraetori
671 2454 842 2535 cognitum,
868 2453 969 2514 vexilla

293 2539 440 2622 legionum
468 2557 483 2594 e
513 2537 650 2615 superiore
681 2534 854 2616 provincia,
887 2533 968 2612 pedi·

294 2640 410 2701 tumque
434 2627 462 2679 8(
488 2619 615 2699 equitum
640 2614 817 2673 auxiliarium
848 2613 970 2674 delectos

294 2703 397 2762 accivit
425 2723 432 2756 :
465 2720 498 2758 ac
526 2698 610 2758 simul
638 2714 786 2776 utrumque
819 2698 968 2754 exercitum

293 2780 398 2844 Rheno
425 2780 596 2852 devectum,
620 2777 713 2838 Frisiis
735 2776 854 2849 intulit3
878 2779 968 2862 soluto
