2075 3659
263 275 309 335 26
386 266 423 333 C.
452 265 597 334 Come.
629 265 817 331 TAcrrr

302 382 399 446 XXV.
421 382 575 465 Postquam
592 384 700 443 vallum
720 384 847 451 introiit3
869 402 942 463 por·

193 474 197 479 ’
262 488 304 547 tas
329 465 496 527 stationibus
524 464 638 525 firmam
651 511 663 533 ‚
690 464 793 547 globos
816 484 943 525 armato·

260 570 323 608 rum
338 550 418 607 certis
430 545 582 605 castromm
597 547 668 606 locis
678 546 801 625 opperiri
816 546 940 623 jubent:

262 633 347 691 ceteri
374 628 497 689 tribunal
530 630 642 710 ingenti
669 629 784 709 agmine
819 628 944 687 circum-

260 714 386 773 veniunt.
414 709 516 771 Stab'at
546 710 653 769 Drusus
678 709 824 768 silentium
853 729 943 768 manu

261 813 387 874 poscens.
405 792 470 867 Illi,
496 792 627 871 quotiens
637 790 735 849 oculos
746 789 783 849 ad
802 789 941 851 multitu-

262 874 359 934 dinem
376 873 545 941 retulerant,
559 871 678 930 vocibus
689 871 854 931 truculentis
865 869 940 929 stre·-

262 976 348 1036 pere3
370 974 499 1023 rursum,
521 955 589 1013 uiso
613 952 747 1021 Caesare,
769 951 940 1031 trepidare:

262 1056 388 1095 murmur
413 1037 550 1095 incertum
575 1057 582 1090 ε
605 1054 687 1094 atrox
708 1034 835 1102 clamor,
853 1043 883 1093 δι
901 1055 943 1093 re·

262 1136 346 1197 pente
366 1118 444 1197 quies
460 1139 466 1175 :
486 1116 601 1175 diversis
616 1117 778 1174 animorum
791 1116 940 1186 motibus,

261 1199 423 1280 pavebant,
455 1198 658 1278 terrebantque.
683 1196 816 1255 Tandem
846 1198 939 1257 inter-

215 1324 217 1331 .
260 1300 344 1359 rupto
365 1279 504 1351 tumultu,
526 1280 632 1339 litteras
653 1280 738 1357 patris
759 1277 884 1348 recitat,
906 1280 941 1339 in

262 1362 325 1441 quis
339 1363 519 1442 perscriptum
538 1380 615 1431 erat,
631 1361 797 1434 precipuum
813 1360 872 1433 ipsi
877 1361 941 1437 fiir·

261 1444 434 1503 tissimarum
443 1444 579 1521 legionum
592 1463 699 1510 curam,
710 1440 867 1517 quibuscum
873 1444 940 1514 plu·

262 1524 335 1583 rima
350 1524 420 1584 bella
438 1524 636 1585 toleravisset:
650 1522 697 1580 ubi
703 1521 824 1595 primun
838 1545 856 1579 a
868 1524 943 1581 luilu

262 1607 408 1682 requiesset
424 1606 552 1674 animus,
571 1610 690 1663 aelurum
709 1606 783 1676 apud
793 1621 890 1676 patres
907 1607 947 1663 de>

257 1687 403 1767 postulatis
413 1708 506 1751 eorum
517 1710 528 1744 r
539 1686 652 1743 misisse
662 1685 773 1743 iuterim
781 1684 895 1761 filium,
910 1703 948 1743 ια’

261 1765 940 1845 sinecundrrioueconcederet,quaestaeimeribui

258 1868 373 1923 possent
389 1874 398 1908 :
414 1867 500 1907 cetera
511 1848 621 1907 senatui
633 1846 770 1906 servanda
778 1893 789 1915 ,
803 1866 881 1922 quem
894 1870 940 1905 ne·

261 1930 519 2009 quegrariae,neque
527 1929 688 1990 seueritatis
700 1944 836 2003 expertem
844 1926 942 1986 haberi
1021 1923 1022 1928 ¹

255 2032 313 2086 par
328 2030 406 2071 esset.
782 2040 789 2047 ·

302 2092 413 2153 XXVI.
450 2092 626 2173 Responsum
657 2088 697 2149 est
726 2112 743 2150 a
773 2092 938 2162 contione,
1021 2147 1022 2166 ξ

261 2177 392 2237 mandata
407 2176 538 2233 Clementi
550 2173 717 2241 centurioni,
731 2192 787 2249 quse
793 2174 936 2249 perferret.

177 2308 180 2315 .
260 2253 288 2315 Is
310 2253 416 2314 orditur
434 2257 466 2313 de
484 2256 616 2313 missione
631 2276 650 2312 a
667 2254 804 2312 sexdecim
823 2255 938 2314 armis:
1021 2319 1022 2332 χ

260 2338 293 2395 de
302 2337 426 2411 praemiis
433 2337 525 2415 finite
537 2336 647 2398 milities
656 2358 666 2393 .·
676 2353 707 2393 ut
719 2336 847 2395 denarius
860 2336 941 2394 diut-

261 2439 325 2475 num
346 2418 509 2498 stipendium
527 2418 605 2494 foret
633 2442 643 2475 .·
674 2437 707 2480 ne
737 2418 862 2476 veterani
888 2418 940 2475 sub
1021 2437 1022 2452 ³

260 2498 366 2559 vexillo
387 2498 555 2558 haberentur.
578 2498 626 2557 Ad
645 2518 678 2557 ea
701 2498 821 2567 Drusus,
847 2518 938 2578 quum

260 2580 408 2639 arbitrium
433 2579 544 2639 senatis
573 2589 601 2639 &
627 2581 713 2658 patris
739 2578 908 2639 obtenderet
924 2626 936 2649 ‚
1021 2589 1022 2656 ζ

261 2661 383 2720 clamore
407 2662 541 2721 turbatur.
563 2664 617 2724 Cur
632 2662 771 2729 uenisset,
790 2682 872 2736 neque
889 2682 937 2719 au·
1021 2683 1022 2698 ³

258 2744 354 2821 gendis
367 2744 488 2803 militum
494 2743 665 2824 stipendiis,
677 2761 758 2818 neque
771 2744 937 2807 adlevandis
