2075 3659
252 324 311 392 396
413 316 466 376 lat
495 268 676 377 statuat
698 318 774 378 IV.

286 440 311 490 3.
328 422 552 488 Conscieneidlelli.
573 425 613 477 Ob
628 424 715 475 initam
728 442 791 475 cum
806 425 932 479 Sacroviro

244 500 307 551 belli
323 501 479 549 societatem.

283 592 310 634 4.
323 570 393 622 Uxor
401 574 481 624 Sosia.
494 574 574 639 Quam
587 576 615 623 ab
626 572 727 641 iniuriis
741 576 932 638 provincialium

245 664 298 699 non
313 646 467 699 cohibuisset.
487 651 548 697 Nam
566 651 612 697 viri
625 652 650 697 in
667 665 696 697 eo
706 648 802 713 culpa,
814 654 839 698 si
846 649 933 713 simitu
1015 658 1016 697 1

246 724 341 770 modam
359 723 467 770 excedat.
485 721 549 771 Ann.
573 735 602 786 3,
623 738 666 788 34.
1015 714 1016 731 ¹

281 794 340 865 XX.
360 810 381 846 ι.
395 796 570 861 Stipendiariir.
587 796 666 847 Gallis
677 794 820 849 Tributum
833 798 934 863 pendeu-

242 868 328 933 tibus,
349 887 411 933 quos
429 869 565 919 exhausisse
584 868 723 921 dicebatur.

282 962 308 994 2.
321 942 464 992 Liberalitas
474 942 572 1011 Augusti
582 943 674 1008 amessa.
687 942 883 996 Freinshemius
894 962 932 995 ex·

241 1020 320 1085 plicat
330 1030 444 1083 ereptum
455 1018 518 1067 Silio
531 1018 646 1084 quidquid
660 1034 692 1066 ex
705 1020 868 1069 liberalitate
882 1020 932 1070 Au·

240 1092 303 1160 gusti
319 1108 425 1157 unquam
442 1091 581 1156 accepisset.
593 1090 694 1159 Ryckio
714 1092 823 1142 dubium
837 1111 885 1143 non
897 1094 932 1143 ri·

240 1166 332 1226 detur,
344 1167 401 1231 quin
412 1166 514 1214 Tacitus
527 1166 610 1215 dicere
620 1167 732 1215 voluerit
745 1167 898 1227 Tiberium,
909 1169 933 1219 in

239 1239 287 1290 hac
301 1240 353 1289 Silii
364 1239 522 1289 damnatione
532 1276 540 1298 ‚
552 1240 678 1289 recessisse
688 1242 799 1304 primim
812 1241 843 1290 ab
855 1242 931 1292 imita-

240 1316 313 1364 tione
324 1315 473 1363 abstinentiae
486 1314 675 1363 &liberalitatis
688 1314 812 1381 Augusti.
828 1318 871 1380 qui
884 1334 930 1368 non

239 1388 385 1438 sustinuerat
395 1388 485 1455 aliquid
499 1404 531 1437 ex
544 1390 615 1438 bonis
629 1389 805 1439 damnatorum
817 1404 929 1457 capere,

240 1464 262 1514 si
280 1463 306 1512 hi
324 1464 417 1512 liberos
442 1464 572 1531 habergnt.
1017 1512 1018 1519 χ

280 1554 304 1603 3.
317 1536 410 1586 Partem
424 1536 543 1585 bonorum.
558 1536 660 1585 Scilicet
669 1537 797 1587 dimidiam
807 1555 814 1588 t
826 1538 847 1588 is
865 1537 927 1587 enim
1017 1532 1018 1537 ¹

237 1610 323 1662 sensus
335 1612 410 1673 hujus
420 1610 510 1671 vocis,
524 1610 622 1676 quoties
633 1611 745 1660 absolute
757 1614 875 1663 sumitur.

273 1700 302 1748 4.
316 1686 353 1736 M.
366 1683 477 1752 Lepidus.
488 1686 528 1734 De
539 1702 587 1750 quo
598 1685 665 1733 Vide
677 1685 742 1734 Ann.
758 1702 850 1753 ως.

279 1777 303 1822 5.
316 1758 448 1808 Secundum
459 1760 653 1808 necessitudinem
664 1760 732 1828 legis.
744 1758 758 1809 J
761 1762 837 1819 uliae,
847 1771 878 1812 ut
888 1758 926 1809 vi·

237 1835 326 1892 detur,
342 1833 373 1881 de
392 1832 527 1895 majestate.

277 1909 302 1959 6.
317 1906 408 1957 Animo
422 1906 534 1972 direrfies.
552 1906 595 1958 De
612 1924 660 1974 quo
680 1906 738 1957 vide
756 1907 827 1960 Anu.
849 1922 880 1975 ς,
898 1920 923 1974 3·

236 1982 263 2035 &
280 1984 311 2044 6,
331 2000 354 2045 5.

275 2056 346 2109 xxi.
368 2072 391 2106 1.
412 2055 447 2106 Ut
462 2057 541 2107 retuli.
559 2057 624 2106 dnn.
645 2071 680 2117 2,
701 2067 745 2119 34.

275 2146 301 2181 2.
322 2130 367 2180 Per
379 2133 517 2179 immodicas
532 2133 682 2180 inimicitias.
698 2128 736 2179 Εὸ
752 2128 821 2195 qudd
837 2131 923 2183 avidus

235 2202 301 2257 esset
315 2205 512 2267 inimicitiarum,
524 2206 615 2273 easque
626 2206 678 2253 sine
690 2204 765 2253 modo
779 2216 919 2257 exerceret.

235 2279 316 2333 ,lereti
320 2278 429 2343 sinueris.
445 2280 528 2345 Quum
544 2280 641 2343 senatus
655 2278 727 2328 deum
742 2278 829 2328 testem
842 2281 915 2328 adro·

235 2352 311 2405 callet
326 2354 350 2403 se
365 2355 396 2402 de
408 2370 435 2403 re
449 2354 576 2419 preposita
589 2354 755 2413 censimum,
768 2354 833 2419 quod
842 2369 855 2401 e
864 2351 910 2400 fide

235 2428 277 2488 sua
293 2443 370 2493 reque
383 2428 477 2493 publica
489 2428 624 2477 videretur.
635 2427 675 2476 Sic
686 2427 751 2491 apud
764 2426 910 2493 Dionysium

234 2520 263 2568 7.
274 2502 377 2551 Tribuni
389 2503 470 2569 plebis
483 2502 617 2567 impetrant
626 2512 653 2550 ut
664 2501 688 2550 in
701 2501 771 2549 causa
785 2499 912 2550 Coriolani

235 2578 336 2627 senatus
346 2578 439 2640 juratus
449 2577 595 2629 sententiam
606 2576 685 2633 dicat,
697 2585 723 2625 ut
736 2574 803 2623 solet
816 2575 840 2623 in
851 2590 910 2624 con·

236 2650 298 2701 sessu
314 2650 434 2716 judicum.

246 2741 249 2746 >
276 2739 301 2785 3.
314 2714 471 2774 Amoveretar]
489 2723 566 2791 Quod
586 2722 609 2777 ei
626 2722 714 2778 assidit
728 2710 773 2776 stib
792 2720 910 2795 Augusto.
964 2720 967 2730 '

235 2798 303 2855 Vide
323 2802 389 2854 Ano.
412 2815 440 2864 1,
456 2812 502 2864 72.
913 2820 917 2827 ·
