2075 3659
265 317 313 379 44
389 294 426 362 C.
456 294 598 361 coar.
632 296 820 362 TAchr

266 432 334 469 mox
350 408 490 483 hiemem,
506 432 554 471 aut
567 416 685 495 negotia
699 414 778 473 varie
794 434 918 474 causatus
926 426 939 483 ,'

265 490 358 571 ptimb
375 494 522 572 prudentes
536 540 546 562 ,
559 494 624 553 dein
634 496 773 578 vulgum,
785 494 937 555 diutissime

264 576 422 653 provincias
436 574 546 635 fefellit.

305 654 443 715 XLVIII.
469 652 513 715 At'
533 656 740 729 Germanicus,
764 676 936 739 quamquam

196 799 197 802 Ἴ
257 740 410 796 eontracta
430 740 565 809 exercitu,
581 747 608 798 &
624 758 720 818 parata
739 741 770 797 in
788 739 938 799 defectores
1007 801 1008 818 2

265 816 392 887 uitione,
418 818 542 877 dandum
568 816 660 878 adhuc
688 822 814 899 spatium
842 840 936 887 ratus,
1007 881 1008 884 ,

265 897 289 954 si
309 900 413 957 recenti
438 900 567 978 exemplo
592 900 645 959 sibi
670 902 722 979 ipsi
743 902 936 969 consulerent,

265 980 409 1055 praemittit
428 980 532 1039 litteras
554 979 590 1038 ad
613 980 777 1051 Caecinam,
803 982 896 1050 venire
911 1002 937 1039 se
1007 991 1008 1036 3

266 1059 363 1118 valida
387 1082 487 1129 manu,
511 1082 543 1118 ac
562 1061 595 1119 nt‘
610 1064 774 1135 supplicium
801 1065 832 1121 in
857 1062 937 1120 mulos

260 1157 448 1211 presumant,
471 1162 580 1199 usurum
598 1145 756 1215 promiscua
781 1148 859 1203 caeu'c.
886 1142 935 1201 Eas

265 1217 381 1279 Caecina
400 1216 553 1301 aquiliferis
571 1222 791 1304 signiferisque,
816 1234 844 1285 &
866 1220 936 1303 quod

265 1302 391 1359 maxime
414 1300 564 1361 castrorum
583 1306 719 1363 sincerum
737 1326 816 1377 erat,
835 1302 936 1363 occulti

266 1383 382 1453 recitat3
395 1400 472 1459 utque
482 1385 735 1461 cuntiosinfhmiae‚
744 1390 853 1463 scipsos
863 1384 937 1443 motti

265 1464 389 1522 eximant
407 1462 535 1523 hortatur
555 1488 561 1521 ι
581 1488 645 1522 num
664 1467 694 1523 in
711 1488 781 1540 pace
799 1460 935 1526 causus&

265 1545 364 1601 metita
380 1548 495 1619 spedari
514 1570 524 1603 .·
544 1545 590 1603 ubi
602 1545 699 1603 bellum
716 1548 847 1624 ingruat,
862 1541 935 1603 innoss

266 1641 354 1683 centes
368 1648 399 1682 uc
415 1627 512 1683 noxios
524 1624 609 1703 juxti
632 1630 732 1686 cadere.
749 1628 812 1699 Ilii,
830 1626 935 1687 tentatis

266 1724 337 1785 quos
361 1704 478 1765 idoneos
498 1707 652 1778 rebantur,
674 1706 824 1787 postquam
846 1712 933 1785 majo-

264 1804 324 1842 rem
347 1784 494 1867 legionum
519 1806 626 1866 partem
649 1789 679 1847 in
705 1788 801 1848 officio
822 1789 933 1855 vident3

267 1864 301 1923 de
325 1870 460 1927 sententia
479 1869 567 1949 legati
587 1866 712 1929 statuunt
730 1890 863 1952 tempus,
884 1886 935 1949 quo

266 1944 452 2006 foedissimum
474 1960 656 2029 quemque&
674 1951 809 2012 seditioni
827 1969 934 2032 promp-

206 2060 213 2069 ·
266 2046 328 2087 tum
349 2027 420 2095 fetro
439 2030 583 2091 invadant.
599 2031 705 2100 Tunc,
724 2034 813 2116 signo
831 2035 898 2091 inter
909 2046 934 2086 se

261 2108 356 2179 ¹dato,
383 2113 539 2190 irrumpunt
564 2112 772 2183 contubernia,
801 2111 934 2175 trucidant
1008 2183 1009 2188 ἵ

266 2190 392 2270 ignaros:
402 2193 496 2261 nullo,
511 2194 565 2250 nisi
573 2195 706 2264 consciit,
718 2214 852 2255 noscente
863 2186 933 2273 quod

266 2269 348 2328 cadis
359 2272 485 2341 initium,
502 2274 563 2351 quis
577 2269 648 2331 finis.

306 2350 412 2410 XLIX.
431 2353 549 2411 Diversa
564 2355 713 2425 omnium,
735 2376 797 2437 qua:
815 2370 933 2435 unquam

266 2431 413 2501 accidire,
434 2434 561 2491 civilium
582 2454 724 2493 armorum
746 2437 832 2495 facies
854 2460 861 2491 ε
880 2452 934 2492 non

264 2513 384 2592 proelio,
403 2534 461 2572 non
480 2513 629 2574 adversise
647 2515 758 2587 castris,
774 2518 822 2576 sed
840 2515 932 2576 iisdem

266 2612 282 2650 e
306 2594 467 2664 cubilibus,
497 2616 567 2675 quos
592 2598 675 2656 simul
697 2601 834 2658 vescentis
857 2596 931 2659 dies,

266 2674 351 2732 simui
370 2676 479 2756 quietos
499 2698 556 2733 nox
577 2674 728 2748 habuerat,
747 2679 891 2740 discedunt
907 2674 933 2729 in

267 2772 379 2835 partes,
402 2759 533 2842 ingerunt
553 2758 609 2818 tela
628 2781 635 2815 :
656 2761 784 2833 clamor,
802 2760 931 2822 vulnera,
