2075 3659
246 308 496 389 Auertitur
519 310 604 377 lte.
629 308 698 378 IV.
751 330 821 397 207

137 432 318 499 celebraret,
351 430 464 511 colique
491 448 540 509 per
568 426 679 489 theatra
704 438 733 489 dc
759 428 823 491 fora

138 514 251 597 effigies
273 518 353 592 ejus,
374 514 500 593 interque
520 513 657 592 principia
675 512 824 595 legionum

136 614 254 656 cineret.

184 677 239 737 III.
263 674 399 737 Ceterdm
426 674 510 765 plena
534 674 679 735 Coxarum
701 672 826 745 domus,

136 762 252 840 juvenis
270 755 364 826 filius,
385 758 503 837 nepotes
519 756 628 827 adulti,
642 777 753 817 motam
769 746 824 814 Α

140 843 213 921 pitis
242 838 409 899 adferebant
431 862 438 896 :
460 848 507 909 &,
535 841 602 919 quia
623 840 654 897 vi
674 858 721 899 tot
741 836 828 897 simul

138 924 282 1003 corripere
305 923 451 991 muttum,
481 919 563 980 dolus
587 920 735 979 intervalla
765 939 827 979 cce·

138 1004 235 1063 lerum
259 1002 394 1083 poscebat
416 1025 429 1058 ·.·
444 1002 550 1082 placuit
569 1020 667 1062 tannen
686 1000 829 1061 occultior
902 1016 906 1021 ’

140 1088 214 1155 uia,
244 1082 424 1156 &aDruco
449 1083 590 1164 incipere,
613 1083 644 1143 in
667 1102 753 1163 quem
776 1102 827 1141 re·

140 1168 223 1227 centi
245 1164 287 1225 irl
299 1165 448 1227 ferebatur.
463 1164 543 1225 Nam
555 1166 663 1225 Drusus
675 1166 829 1245 impatiens

140 1249 260 1317 aemufi,
285 1249 431 1308 &animo
451 1248 646 1316 commotior,
667 1266 733 1306 orto
751 1244 828 1307 forte

139 1333 261 1413 jurgio,
282 1328 443 1389 intenderat
457 1328 562 1407 Sejano
577 1346 699 1397 manus,
712 1336 740 1389 δι
756 1346 831 1387 con·

141 1432 188 1472 tra
208 1409 349 1471 tendentis
362 1430 394 1470 os
408 1408 612 1471 verberaverat.
625 1410 716 1490 lginu
728 1410 831 1469 cunila

141 1494 270 1554 tentanti
291 1493 536 1573 promptissimum
555 1492 673 1558 vicunt,
695 1489 733 1548 ad
751 1508 829 1547 uxo·

141 1596 205 1633 rem
231 1580 288 1653 ejus
314 1572 428 1633 Liviam
450 1591 611 1633 convertere
630 1592 640 1641 3
663 1590 726 1653 qeae
751 1590 833 1630 toror

143 1656 329 1726 Germanici,
345 1654 444 1714 formae
461 1656 548 1715 initio
560 1653 650 1715 etatis
667 1651 828 1723 indecora,

143 1760 215 1798 mox
249 1734 459 1819 pulchritudine
494 1734 679 1818 precellebat.
713 1734 830 1806 Hanc,

95 1843 98 1848 ·
141 1841 178 1881 ut
205 1840 303 1879 amore
327 1819 485 1889 incensus,
516 1811 659 1879 adulterio
681 1816 797 1896 pellexit
821 1836 830 1874 t

143 1911 174 1963 δι
199 1900 349 1985 postquam
380 1902 465 1980 primi
494 1898 598 1982 flagitii
630 1899 737 1977 potitus
769 1895 831 1968 est,

133 1989 159 2058 l(
189 2002 281 2064 neque
317 1982 424 2043 femina
464 1980 567 2041 amissi
603 1977 740 2059 pudicitil
772 1978 832 2037 alin

143 2065 301 2139 abnuerit)
321 2064 358 2123 ad
379 2064 506 2145 conjugii
531 2079 627 2155 spem,
656 2060 831 2119 consortium

143 2149 251 2229 regni,
274 2155 302 2207 et
331 2162 430 2205 necem
462 2144 560 2202 mariti
582 2140 707 2221 impulit.
733 2141 832 2220 Atque

143 2230 196 2288 nlla
223 2229 268 2289 cui
295 2227 450 2287 avunculus
463 2221 626 2308 Augustus,
645 2237 724 2281 socer
737 2218 831 2290 Tibe»
923 2288 939 2302 ἱ

144 2313 225 2381 rius,
245 2328 279 2369 ex
303 2309 397 2368 Druso
415 2307 516 2379 liberi,
537 2324 622 2386 seque
635 2324 671 2364 ac
692 2310 832 2383 majores,

147 2402 176 2453 δι
193 2389 319 2472 posteros
338 2389 505 2471 muricipali
525 2388 656 2448 adultero
678 2386 809 2447 foedabat
819 2406 831 2456 t

145 2494 180 2533 ut
201 2493 252 2555 pro
274 2469 445 2533 honestis&
466 2469 665 2552 pratentibus,
685 2470 834 2551 flagitiosa

147 2565 175 2616 δι
205 2558 310 2616 incerta
333 2556 511 2634 exspedaret.
536 2552 664 2610 sumitur
687 2552 717 2608 in
741 2568 831 2607 cons-

148 2640 285 2699 cientiam
308 2634 481 2703 Eudemus,
507 2635 617 2693 amicus
639 2650 672 2689 ac
700 2629 831 2689 medicus

152 2720 257 2791 Liviae,
279 2720 369 2799 specie
381 2718 448 2777 artis
460 2715 589 2795 frequens
605 2713 716 2771 secretis
731 2733 738 2767 t
753 2712 835 2789 pellit

150 2802 240 2868 domo
273 2802 392 2881 Sejanus
423 2815 541 2858 uxorem
571 2796 759 2887 Apicatam,
799 2806 853 2852 α’
