2075 3659
472 120 484 151 ἱ

245 322 311 385 140
366 300 403 368 C.
437 301 578 369 cortu.
613 300 821 367 Trcrrr·

239 420 398 493 capiendam
415 421 551 498 uirginem
570 420 600 476 in
618 420 704 476 locum
727 412 837 488 Occiu,
859 435 925 499 quae

240 520 347 579 septem
362 510 389 560 &
403 502 612 600 quinquaginta
626 520 673 579 pet
686 520 795 569 annos,
806 500 924 559 summit

240 584 458 652 sanetimonia,
492 579 654 640 Vestalibus
688 582 771 639 sacris
813 600 920 659 praese-

240 662 320 721 derat
343 686 349 718 ε
378 664 493 745 egitque
524 682 615 744 grates
639 662 759 721 Fonteio
784 660 924 741 Agrippae

241 753 269 803 &
302 744 436 803 Domitio
469 744 620 813 Pollioni,
652 743 749 819 quid,
784 742 926 819 offerendo

236 825 335 905 filias,
347 828 379 883 dc
393 825 480 903 officio
496 825 527 882 iu
541 822 656 897 rempub.
675 842 808 883 certarent
822 848 832 882 .·
854 845 924 903 pra:-

242 907 300 965 Iata
313 904 353 964 est
361 907 500 964 Pollionis
509 904 584 975 filia,
597 926 655 963 non
667 904 705 963 ob
717 902 794 962 aliud
807 950 817 973 ,
834 903 926 985 quim

241 984 320 1067 quiid
340 1008 430 1045 mater
451 992 508 1063 ejus
527 989 558 1045 in
577 984 678 1044 eodem
698 986 835 1067 conjugio
860 1008 927 1046 nta-

242 1068 328 1127 nebat
342 1092 348 1123 :
360 1089 429 1126 nam
441 1067 569 1150 Agrippa
586 1066 705 1127 discidio
723 1066 845 1127 domum
862 1070 925 1127 im-

242 1168 394 1209 minuerat.

283 1229 464 1289 LXXXVII.
488 1229 528 1291 Et
554 1229 667 1299 Caesar,
691 1232 821 1311 quamvis
847 1230 927 1312 post-

243 1308 392 1384 habitam,
418 1311 509 1371 decies
529 1308 644 1371 sestertii
662 1310 728 1371 dote
746 1312 854 1371 solatus
875 1312 925 1393 est.

243 1391 391 1454 Saeoitiam
409 1415 523 1452 annone
538 1394 683 1451 incusante
703 1393 807 1473 plebe,
828 1391 929 1457 statuit

244 1472 389 1535 frumento
409 1477 530 1554 pretium
549 1472 628 1555 quod
645 1494 756 1558 emptor
771 1474 927 1554 penderet,

242 1554 373 1632 binosque
388 1578 511 1614 nummos
528 1562 557 1613 s'e
575 1556 729 1614 addicuntur
743 1558 926 1634 negociatori·

243 1635 292 1694 bus
316 1638 346 1694 iu
366 1638 490 1713 singulos
501 1637 622 1695 modios.
646 1636 748 1716 Neque
767 1656 866 1697 tamen
885 1640 926 1697 ob

246 1737 280 1774 ea
292 1716 424 1774 Parentis
436 1718 553 1789 patrio,
569 1717 694 1776 delatum
706 1726 732 1777 &
746 1738 848 1789 antea,
865 1742 924 1779 vo-

245 1796 379 1855 cabulum
402 1796 583 1877 adsumpsit,
605 1798 758 1879 acerbeque
782 1800 925 1881 increpuit

244 1898 313 1955 eos,
339 1880 389 1959 qui
407 1880 522 1939 diuinas
546 1880 752 1955 occupationes,
772 1882 924 1963 ipsumque

245 1961 384 2019 dominum
407 1960 564 2021 dixerant:
590 1962 665 2021 unde
687 1960 803 2044 angusta
828 1973 857 2024 δι
880 1964 926 2025 lu-

245 2041 323 2100 brica
342 2044 434 2103 oratio
454 2043 505 2101 sub
526 2040 668 2122 principe,
691 2046 740 2123 qui
760 2044 924 2107 libertatem

247 2124 411 2195 metuebat,
429 2122 622 2183 adulationem
640 2124 747 2185 oderat.

286 2205 521 2265 LXXXVIII.
543 2206 664 2285 Reperio
683 2206 758 2286 apud
776 2209 925 2289 scriptores

245 2304 442 2365 senatoresque
463 2286 630 2346 eorumdem
651 2307 830 2368 temporum,
855 2290 924 2349 Ad·

245 2362 397 2447 gandestrii
410 2367 541 2445 principis
561 2366 713 2428 Cattorum
730 2369 814 2430 letias
828 2372 859 2429 in
880 2392 925 2430 se-

244 2468 315 2506 natu
328 2446 454 2517 littorea,
474 2448 575 2527 quibus
591 2469 704 2510 mortem
717 2450 848 2510 Arminii
861 2472 927 2531 pro·

246 2527 400 2599 mittebat,
420 2529 449 2587 si
463 2534 606 2603 patrandae
627 2534 687 2591 neci
706 2554 837 2595 vencnum
857 2535 925 2592 mir-

246 2629 347 2669 reretur
369 2630 617 2694 :responsumque
634 2634 708 2685 esse,
731 2637 786 2673 non
800 2615 925 2693 froude,

240 2714 327 2767 ,neque
349 2695 481 2762 occultis,
501 2698 551 2753 sed
562 2697 658 2769 pulum
679 2694 706 2756 ἃ
724 2717 860 2755 armatum
876 2718 927 2771 po·

241 2775 338 2847 pulum
351 2772 510 2837 'Romanum
526 2775 695 2867 hostes'suot
717 2778 815 2839 ulcisci
837 2803 849 2841 .·
866 2776 925 2861 qui
