2075 3659
204 332 451 407 AnnAmurr
474 340 561 409 Lm.
586 340 657 408 111.
710 350 773 431 163

96 450 193 534 ebque
205 455 265 515 sine
279 477 361 536 prena
377 478 426 519 aut
445 460 684 531 coercitionibus,
709 482 778 521 aoe-

97 534 172 595 bant
190 558 196 593 :
213 558 303 618 neque
317 542 435 619 praemiis
450 561 524 620 opus
538 562 614 613 erat,
625 562 715 623 quum
725 511 778 600 lio·

96 613 177 677 nesta
206 638 304 698 suopte
327 622 444 703 ingenio
470 642 628 702 peterentur
640 632 657 693 3·
676 633 704 683 &
728 624 781 683 ubi

98 695 173 759 nihil
200 720 299 759 contra
328 722 438 761 monem
463 722 615 783 cuperent,
637 701 711 763 nihil
731 726 779 785 per

94 800 210 839 metum
240 780 418 843 vetabantur.
448 786 490 843 At
518 782 668 866 postquam
701 788 779 845 exsui

97 861 266 940 equalitas,
296 871 323 923 δι
350 884 401 943 pro
435 863 573 925 modestia
597 886 631 925 ae
650 864 778 945 pudore,

97 942 222 1003 ambitio
242 952 271 1002 &
288 944 332 1003 vis
351 944 521 1016 incedebnt3
544 966 696 1025 provenere
719 948 776 1006 do-

99 1024 272 1083 minationes
283 1046 291 1080 r
303 1026 407 1085 multos
429 1046 463 1085 ue
473 1026 549 1107 apud
559 1027 678 1108 populos
690 1048 776 1089 aeter·

97 1125 167 1164 num
190 1125 326 1166 mansere.
343 1048 471 1183 Quiriam
491 1106 604 1180 statim,
629 1130 678 1169 aur
700 1108 777 1189 post-

98 1206 186 1267 quam
196 1206 295 1269 regum
304 1188 778 1271 pertaetum,legesntaluerunt.Hae
849 1208 853 1215 ·

100 1266 209 1347 primb,
222 1268 335 1328 rudibus
347 1267 497 1329 hominum
509 1271 627 1338 animis,
636 1272 778 1349 simplices

99 1368 178 1409 etant
203 1372 210 1405 :
240 1351 419 1432 maximeque
440 1351 518 1410 fama
537 1351 689 1427 celebravit
707 1351 779 1411 Cre-

100 1433 250 1503 tensium,
285 1452 355 1511 quas
388 1432 519 1501 Minos;
554 1432 777 1510 Spartanorum,

100 1532 167 1592 quas
206 1512 374 1595 Lycurgus3
401 1534 435 1572 ac
463 1517 532 1571 mo'x
557 1509 779 1575 Atheniensibus

98 1592 270 1672 quesitiores
282 1597 341 1673 jam
355 1601 382 1653 δι
396 1594 484 1672 plures
505 1592 595 1653 Solon
612 1595 778 1674 perscripsit.

101 1672 193 1733 Nobis
204 1674 360 1743 Romulus,
369 1674 540 1743 utlibitum,
553 1675 782 1753 imperitaveratt

101 1752 174 1815 dein
186 1755 286 1815 Numa
305 1754 528 1839 religionibus&
540 1754 638 1815 divino
652 1759 712 1835 jure
725 1778 779 1835 po·

101 1836 198 1915 pulum
205 1835 515 1918 devinxitmepertaque
543 1837 652 1895 uaedam
663 1858 679 1894 a
690 1836 779 1896 Tullo

102 1925 129 1975 δι
148 1919 235 1985 Anco
257 1941 264 1975 ε
286 1917 334 1979 sed
355 1920 504 1999 praecipuus
599 1919 641 1977 ius
666 1916 780 1979 Tullius

100 2002 212 2059 veneror
229 2000 325 2080 legum
344 1998 418 2069 fuit,
440 2002 504 2080 quis
526 1999 613 2057 etiam
627 2017 704 2080 reges
716 1998 776 2057 oh·

103 2096 297 2158 temperarent.
651 2133 653 2136 .

141 2160 295 2220 XXVII.
317 2160 402 2221 Pulso
422 2158 604 2241 Tarquinio,
631 2158 778 2223 adversum

104 2262 214 2321 patrum
245 2240 383 2301 faetiones
409 2240 498 2301 multa
527 2239 646 2320 populus
669 2246 779 2321 paravit

105 2324 210 2384 tuendae
220 2324 373 2395 libertatis,
395 2331 423 2384 &
444 2320 588 2382 firmanda:
600 2324 778 2384 concordie:

103 2408 243 2488 creatique
275 2405 450 2477 decemviri,
475 2414 502 2465 &
527 2405 624 2464 accitis
643 2424 705 2485 quae
725 2427 776 2465 us-

105 2506 189 2565 quam
220 2489 350 2570 egregia,
373 2488 535 2567 compositae
560 2485 711 2544 duodecim
737 2506 779 2547 ta-

105 2565 196 2639 bulae,
213 2566 277 2629 finis
295 2570 367 2650 aeqni
383 2570 450 2646 juris
470 2590 478 2625 z
495 2587 562 2627 narn
576 2586 675 2624 securae
683 2567 778 2647 leges,

106 2650 156 2708 etsi
167 2649 319 2731 aliquando
327 2652 363 2725 ¹in
376 2646 519 2707 maleficos
533 2668 566 2706 ex
580 2647 702 2715 delicto,
722 2668 777 2705 sae·

107 2731 165 2809 pius
186 2751 281 2810 tamen
298 2730 467 2790 dissensione
484 2728 636 2795 ordinum,
657 2734 685 2784 &
698 2729 777 2804 apis-

106 2810 187 2873 cendi
202 2812 327 2875 inlicitos
343 2810 480 2886 honores,
494 2830 544 2872 aut
555 2804 678 2892 pellendi
690 2807 782 2875 cletot
