<?xml version="1.0" encoding="UTF-8"?>
<!DOCTYPE html PUBLIC "-//W3C//DTD XHTML 1.0 Transitional//EN"
    "http://www.w3.org/TR/xhtml1/DTD/xhtml1-transitional.dtd">
<html xmlns="http://www.w3.org/1999/xhtml" xml:lang="en" lang="en">
 <head>
  <title>
</title>
<meta http-equiv="Content-Type" content="text/html;charset=utf-8" />
  <meta name='ocr-system' content='tesseract 3.04.00' />
  <meta name='ocr-capabilities' content='ocr_page ocr_carea ocr_par ocr_line ocrx_word'/>
</head>
<body>
  <div class='ocr_page' id='page_1' title='image "./ccorneliitaciti02lallgoog_0063.png"; bbox 0 0 2075 3659; ppageno 0'>
   <div class='ocr_carea' id='block_1_1' title="bbox 161 292 770 389">
    <p class='ocr_par' dir='ltr' id='par_1_1' title="bbox 161 292 770 389">
     <span class='ocr_line' id='line_1_1' title="bbox 161 292 770 389; baseline 0.01 -26"><span class='ocrx_word' id='word_1_1' title='bbox 161 340 166 351; x_wconf 85' lang='lat'>·</span> <span class='ocrx_word' id='word_1_2' title='bbox 236 292 485 365; x_wconf 68' lang='lat' dir='ltr'><strong>Arruntium</strong></span> <span class='ocrx_word' id='word_1_3' title='bbox 510 295 595 365; x_wconf 79' lang='lat' dir='ltr'><strong>lin.</strong></span> <span class='ocrx_word' id='word_1_4' title='bbox 619 293 650 363; x_wconf 90' lang='lat' dir='ltr'><strong>I.</strong></span> <span class='ocrx_word' id='word_1_5' title='bbox 726 324 770 389; x_wconf 85' lang='lat'><strong>29</strong></span> 
     </span>
    </p>
   </div>
   <div class='ocr_carea' id='block_1_2' title="bbox 18 410 772 2577">
    <p class='ocr_par' dir='ltr' id='par_1_2' title="bbox 89 410 771 719">
     <span class='ocr_line' id='line_1_2' title="bbox 89 410 770 500; baseline 0.006 -25"><span class='ocrx_word' id='word_1_6' title='bbox 89 410 174 475; x_wconf 90' lang='lat' dir='ltr'><strong>Tum</strong></span> <span class='ocrx_word' id='word_1_7' title='bbox 202 414 289 474; x_wconf 89' lang='lat' dir='ltr'><strong>redire</strong></span> <span class='ocrx_word' id='word_1_8' title='bbox 319 418 465 495; x_wconf 80' lang='lat' dir='ltr'>paullatim</span> <span class='ocrx_word' id='word_1_9' title='bbox 502 438 583 476; x_wconf 84' lang='lat' dir='ltr'><strong>amor</strong></span> <span class='ocrx_word' id='word_1_10' title='bbox 607 416 735 500; x_wconf 85' lang='lat' dir='ltr'><strong>obsequii</strong></span> <span class='ocrx_word' id='word_1_11' title='bbox 761 444 770 479; x_wconf 78' lang='lat' dir='ltr'><strong><em>z</em></strong></span> 
     </span>
     <span class='ocr_line' id='line_1_3' title="bbox 90 498 770 581; baseline 0.007 -26"><span class='ocrx_word' id='word_1_12' title='bbox 90 498 234 555; x_wconf 89' lang='lat' dir='ltr'><strong>omittunt</strong></span> <span class='ocrx_word' id='word_1_13' title='bbox 255 517 349 576; x_wconf 81' lang='lat' dir='ltr'><strong>portas</strong></span> <span class='ocrx_word' id='word_1_14' title='bbox 360 521 370 567; x_wconf 84' lang='lat'>3</span> <span class='ocrx_word' id='word_1_15' title='bbox 393 500 494 581; x_wconf 80' lang='lat' dir='ltr'><strong>signa,</strong></span> <span class='ocrx_word' id='word_1_16' title='bbox 515 519 602 557; x_wconf 89' lang='lat' dir='ltr'><strong>unum</strong></span> <span class='ocrx_word' id='word_1_17' title='bbox 621 500 650 556; x_wconf 93' lang='lat' dir='ltr'><strong>in</strong></span> <span class='ocrx_word' id='word_1_18' title='bbox 674 499 770 560; x_wconf 89' lang='lat' dir='ltr'><strong>locum</strong></span> 
     </span>
     <span class='ocr_line' id='line_1_4' title="bbox 89 577 771 664; baseline 0.012 -29"><span class='ocrx_word' id='word_1_19' title='bbox 89 579 233 659; x_wconf 87' lang='lat' dir='ltr'><strong>principio</strong></span> <span class='ocrx_word' id='word_1_20' title='bbox 259 577 404 639; x_wconf 82' lang='lat' dir='ltr'><strong>seditionis</strong></span> <span class='ocrx_word' id='word_1_21' title='bbox 430 598 626 664; x_wconf 80' lang='lat' dir='ltr'><strong>congregata,</strong></span> <span class='ocrx_word' id='word_1_22' title='bbox 655 602 716 641; x_wconf 83' lang='lat' dir='ltr'><strong>suas</strong></span> <span class='ocrx_word' id='word_1_23' title='bbox 740 584 771 643; x_wconf 88' lang='lat' dir='ltr'><strong>in</strong></span> 
     </span>
     <span class='ocr_line' id='line_1_5' title="bbox 90 656 450 719; baseline 0.008 -1"><span class='ocrx_word' id='word_1_24' title='bbox 90 658 170 718; x_wconf 81' lang='lat' dir='ltr'><strong>sedes</strong></span> <span class='ocrx_word' id='word_1_25' title='bbox 194 656 324 719; x_wconf 84' lang='lat' dir='ltr'><strong>referunt.</strong></span> <span class='ocrx_word' id='word_1_26' title='bbox 448 657 450 663; x_wconf 44' lang='lat'><strong>¹</strong></span> 
     </span>
    </p>

    <p class='ocr_par' dir='ltr' id='par_1_3' title="bbox 18 736 772 2577">
     <span class='ocr_line' id='line_1_6' title="bbox 132 736 771 809; baseline 0.011 -12"><span class='ocrx_word' id='word_1_27' title='bbox 132 738 246 798; x_wconf 86' lang='grc' dir='ltr'><strong>ΧΧΙΧ.</strong></span> <span class='ocrx_word' id='word_1_28' title='bbox 255 740 378 809; x_wconf 89' lang='lat' dir='ltr'><strong>Drusus,</strong></span> <span class='ocrx_word' id='word_1_29' title='bbox 394 760 457 799; x_wconf 90' lang='lat' dir='ltr'><strong>orto</strong></span> <span class='ocrx_word' id='word_1_30' title='bbox 472 736 534 809; x_wconf 88' lang='lat' dir='ltr'><strong>die,</strong></span> <span class='ocrx_word' id='word_1_31' title='bbox 550 749 577 799; x_wconf 74' lang='grc' dir='ltr'><strong>δε</strong></span> <span class='ocrx_word' id='word_1_32' title='bbox 589 761 690 802; x_wconf 79' lang='lat' dir='ltr'><strong>vocata</strong></span> <span class='ocrx_word' id='word_1_33' title='bbox 705 763 771 805; x_wconf 90' lang='lat' dir='ltr'><strong>con-</strong></span> 
     </span>
     <span class='ocr_line' id='line_1_7' title="bbox 90 821 771 901; baseline 0.01 -23"><span class='ocrx_word' id='word_1_34' title='bbox 90 821 175 879; x_wconf 83' lang='lat' dir='ltr'><strong>cione</strong></span> <span class='ocrx_word' id='word_1_35' title='bbox 186 866 195 891; x_wconf 91' lang='lat'>,</span> <span class='ocrx_word' id='word_1_36' title='bbox 210 842 385 901; x_wconf 79' lang='lat' dir='ltr'><strong>quamquam</strong></span> <span class='ocrx_word' id='word_1_37' title='bbox 396 822 470 879; x_wconf 91' lang='lat' dir='ltr'><strong>rudis</strong></span> <span class='ocrx_word' id='word_1_38' title='bbox 482 821 609 893; x_wconf 90' lang='lat' dir='ltr'><strong>dicendi,</strong></span> <span class='ocrx_word' id='word_1_39' title='bbox 620 824 771 885; x_wconf 80' lang='lat' dir='ltr'><strong>nobilitate</strong></span> 
     </span>
     <span class='ocr_line' id='line_1_8' title="bbox 91 901 771 985; baseline 0.01 -27"><span class='ocrx_word' id='word_1_40' title='bbox 91 902 241 983; x_wconf 80' lang='lat' dir='ltr'><strong>ingenita,</strong></span> <span class='ocrx_word' id='word_1_41' title='bbox 264 904 372 961; x_wconf 85' lang='lat' dir='ltr'><strong>incusat</strong></span> <span class='ocrx_word' id='word_1_42' title='bbox 392 904 507 981; x_wconf 80' lang='lat' dir='ltr'><strong>priora,</strong></span> <span class='ocrx_word' id='word_1_43' title='bbox 530 901 633 983; x_wconf 82' lang='lat' dir='ltr'><strong>probat</strong></span> <span class='ocrx_word' id='word_1_44' title='bbox 653 926 771 985; x_wconf 70' lang='lat' dir='ltr'><strong>praescn-</strong></span> 
     </span>
     <span class='ocr_line' id='line_1_9' title="bbox 91 980 771 1067; baseline 0.012 -28"><span class='ocrx_word' id='word_1_45' title='bbox 91 984 131 1039; x_wconf 84' lang='lat' dir='ltr'><strong>tia</strong></span> <span class='ocrx_word' id='word_1_46' title='bbox 149 1004 154 1038; x_wconf 76' lang='grc' dir='ltr'><strong>ε</strong></span> <span class='ocrx_word' id='word_1_47' title='bbox 171 1003 259 1065; x_wconf 80' lang='lat' dir='ltr'><strong>negat</strong></span> <span class='ocrx_word' id='word_1_48' title='bbox 275 1006 305 1042; x_wconf 90' lang='lat' dir='ltr'><strong>se</strong></span> <span class='ocrx_word' id='word_1_49' title='bbox 319 1002 417 1041; x_wconf 85' lang='lat' dir='ltr'><strong>terrore</strong></span> <span class='ocrx_word' id='word_1_50' title='bbox 432 980 458 1043; x_wconf 69' lang='lat' dir='ltr'><strong>f?</strong></span> <span class='ocrx_word' id='word_1_51' title='bbox 472 984 557 1041; x_wconf 82' lang='lat' dir='ltr'><strong>minis</strong></span> <span class='ocrx_word' id='word_1_52' title='bbox 572 986 651 1043; x_wconf 77' lang='lat' dir='ltr'><strong>vinci</strong></span> <span class='ocrx_word' id='word_1_53' title='bbox 662 985 771 1067; x_wconf 80' lang='lat' dir='ltr'><strong>:flexos</strong></span> 
     </span>
     <span class='ocr_line' id='line_1_10' title="bbox 90 1063 770 1145; baseline 0.009 -24"><span class='ocrx_word' id='word_1_54' title='bbox 90 1064 129 1121; x_wconf 81' lang='lat' dir='ltr'><strong>ad</strong></span> <span class='ocrx_word' id='word_1_55' title='bbox 136 1064 293 1145; x_wconf 81' lang='lat' dir='ltr'><strong>modestiam</strong></span> <span class='ocrx_word' id='word_1_56' title='bbox 307 1064 335 1122; x_wconf 86' lang='lat' dir='ltr'><strong>si</strong></span> <span class='ocrx_word' id='word_1_57' title='bbox 347 1064 458 1134; x_wconf 78' lang='lat' dir='ltr'><strong>videat,</strong></span> <span class='ocrx_word' id='word_1_58' title='bbox 472 1066 500 1123; x_wconf 75' lang='lat' dir='ltr'><strong>si</strong></span> <span class='ocrx_word' id='word_1_59' title='bbox 509 1063 644 1139; x_wconf 80' lang='lat' dir='ltr'><strong>supplices</strong></span> <span class='ocrx_word' id='word_1_60' title='bbox 657 1068 770 1140; x_wconf 80' lang='lat' dir='ltr'><strong>audiat,</strong></span> 
     </span>
     <span class='ocr_line' id='line_1_11' title="bbox 18 1146 768 1223; baseline 0.009 -22"><span class='ocrx_word' id='word_1_61' title='bbox 18 1202 22 1207; x_wconf 80' lang='grc'><strong>,</strong></span> <span class='ocrx_word' id='word_1_62' title='bbox 86 1146 255 1219; x_wconf 68' lang='lat' dir='ltr'><strong>scripturum</strong></span> <span class='ocrx_word' id='word_1_63' title='bbox 267 1147 364 1219; x_wconf 82' lang='lat' dir='ltr'><strong>patri,</strong></span> <span class='ocrx_word' id='word_1_64' title='bbox 379 1164 408 1202; x_wconf 85' lang='lat' dir='ltr'><strong>ut</strong></span> <span class='ocrx_word' id='word_1_65' title='bbox 418 1146 544 1219; x_wconf 81' lang='lat' dir='ltr'><strong>placatus</strong></span> <span class='ocrx_word' id='word_1_66' title='bbox 558 1147 692 1223; x_wconf 79' lang='lat' dir='ltr'><strong>legionum</strong></span> <span class='ocrx_word' id='word_1_67' title='bbox 703 1172 768 1222; x_wconf 85' lang='lat' dir='ltr'><strong>pre-</strong></span> 
     </span>
     <span class='ocr_line' id='line_1_12' title="bbox 90 1227 771 1301; baseline 0.01 -19"><span class='ocrx_word' id='word_1_68' title='bbox 90 1248 131 1282; x_wconf 86' lang='lat' dir='ltr'><strong>ces</strong></span> <span class='ocrx_word' id='word_1_69' title='bbox 161 1228 297 1299; x_wconf 70' lang='lat' dir='ltr'><em>exciperet</em></span> <span class='ocrx_word' id='word_1_70' title='bbox 325 1250 334 1283; x_wconf 90' lang='lat'><em>:</em></span> <span class='ocrx_word' id='word_1_71' title='bbox 360 1227 530 1301; x_wconf 84' lang='lat' dir='ltr'><strong>orantibus,</strong></span> <span class='ocrx_word' id='word_1_72' title='bbox 558 1248 665 1287; x_wconf 86' lang='lat' dir='ltr'><strong>rursum</strong></span> <span class='ocrx_word' id='word_1_73' title='bbox 693 1228 771 1289; x_wconf 85' lang='lat' dir='ltr'><strong>idem</strong></span> 
     </span>
     <span class='ocr_line' id='line_1_13' title="bbox 87 1302 770 1386; baseline 0.013 -24"><span class='ocrx_word' id='word_1_74' title='bbox 87 1302 191 1364; x_wconf 72' lang='lat' dir='ltr'><strong>Blesus</strong></span> <span class='ocrx_word' id='word_1_75' title='bbox 215 1316 242 1365; x_wconf 69' lang='grc' dir='ltr'><strong>ὃ(</strong></span> <span class='ocrx_word' id='word_1_76' title='bbox 263 1306 295 1364; x_wconf 92' lang='lat' dir='ltr'><strong>L.</strong></span> <span class='ocrx_word' id='word_1_77' title='bbox 322 1307 462 1386; x_wconf 82' lang='lat' dir='ltr'><strong>Apronius</strong></span> <span class='ocrx_word' id='word_1_78' title='bbox 488 1327 571 1386; x_wconf 84' lang='lat' dir='ltr'><strong>eques</strong></span> <span class='ocrx_word' id='word_1_79' title='bbox 589 1308 735 1370; x_wconf 74' lang='lat' dir='ltr'><strong>Romanus</strong></span> <span class='ocrx_word' id='word_1_80' title='bbox 755 1334 770 1371; x_wconf 89' lang='lat' dir='ltr'><strong>e</strong></span> 
     </span>
     <span class='ocr_line' id='line_1_14' title="bbox 89 1384 770 1470; baseline 0.012 -27"><span class='ocrx_word' id='word_1_81' title='bbox 89 1384 209 1445; x_wconf 83' lang='lat' dir='ltr'>cohorte</span> <span class='ocrx_word' id='word_1_82' title='bbox 228 1386 332 1456; x_wconf 86' lang='lat' dir='ltr'><strong>Drusi,</strong></span> <span class='ocrx_word' id='word_1_83' title='bbox 353 1386 498 1467; x_wconf 80' lang='lat' dir='ltr'><strong>Justusque</strong></span> <span class='ocrx_word' id='word_1_84' title='bbox 522 1388 665 1449; x_wconf 88' lang='lat' dir='ltr'><strong>Catonius</strong></span> <span class='ocrx_word' id='word_1_85' title='bbox 685 1394 770 1470; x_wconf 91' lang='lat' dir='ltr'><strong>primi</strong></span> 
     </span>
     <span class='ocr_line' id='line_1_15' title="bbox 87 1467 767 1537; baseline 0.012 -12"><span class='ocrx_word' id='word_1_86' title='bbox 87 1467 197 1526; x_wconf 87' lang='lat' dir='ltr'><strong>ordinis</strong></span> <span class='ocrx_word' id='word_1_87' title='bbox 218 1469 361 1537; x_wconf 89' lang='lat' dir='ltr'><strong>centurio,</strong></span> <span class='ocrx_word' id='word_1_88' title='bbox 383 1468 418 1527; x_wconf 89' lang='lat' dir='ltr'><strong>ad</strong></span> <span class='ocrx_word' id='word_1_89' title='bbox 439 1469 590 1527; x_wconf 87' lang='lat' dir='ltr'><strong>Tiberium</strong></span> <span class='ocrx_word' id='word_1_90' title='bbox 608 1472 767 1534; x_wconf 89' lang='lat' dir='ltr'><strong>mittuntur.</strong></span> 
     </span>
     <span class='ocr_line' id='line_1_16' title="bbox 87 1547 769 1629; baseline 0.007 -22"><span class='ocrx_word' id='word_1_91' title='bbox 87 1547 243 1607; x_wconf 82' lang='lat' dir='ltr'><strong>Certatum</strong></span> <span class='ocrx_word' id='word_1_92' title='bbox 258 1548 322 1606; x_wconf 91' lang='lat' dir='ltr'><strong>inde</strong></span> <span class='ocrx_word' id='word_1_93' title='bbox 337 1552 499 1618; x_wconf 84' lang='lat' dir='ltr'><strong>sententiis,</strong></span> <span class='ocrx_word' id='word_1_94' title='bbox 517 1570 605 1629; x_wconf 89' lang='lat' dir='ltr'><strong>quum</strong></span> <span class='ocrx_word' id='word_1_95' title='bbox 624 1551 672 1610; x_wconf 88' lang='lat' dir='ltr'><strong>alii</strong></span> <span class='ocrx_word' id='word_1_96' title='bbox 688 1574 769 1628; x_wconf 80' lang='lat' dir='ltr'><strong>oppe-</strong></span> 
     </span>
     <span class='ocr_line' id='line_1_17' title="bbox 86 1630 769 1707; baseline 0.01 -20"><span class='ocrx_word' id='word_1_97' title='bbox 86 1630 199 1687; x_wconf 86' lang='lat' dir='ltr'><strong>riendos</strong></span> <span class='ocrx_word' id='word_1_98' title='bbox 229 1631 354 1706; x_wconf 77' lang='lat' dir='ltr'><strong>legatos,</strong></span> <span class='ocrx_word' id='word_1_99' title='bbox 390 1650 467 1707; x_wconf 80' lang='lat' dir='ltr'><strong>atque</strong></span> <span class='ocrx_word' id='word_1_100' title='bbox 497 1632 608 1689; x_wconf 79' lang='lat' dir='ltr'><strong>interim</strong></span> <span class='ocrx_word' id='word_1_101' title='bbox 641 1636 769 1695; x_wconf 83' lang='lat' dir='ltr'><strong>comitate</strong></span> 
     </span>
     <span class='ocr_line' id='line_1_18' title="bbox 83 1710 768 1793; baseline 0.006 -25"><span class='ocrx_word' id='word_1_102' title='bbox 83 1710 305 1784; x_wconf 74' lang='lat' dir='ltr'><strong>permulcendum</strong></span> <span class='ocrx_word' id='word_1_103' title='bbox 330 1711 446 1769; x_wconf 87' lang='lat' dir='ltr'><strong>militem</strong></span> <span class='ocrx_word' id='word_1_104' title='bbox 468 1732 626 1783; x_wconf 81' lang='lat' dir='ltr'><strong>censerent3</strong></span> <span class='ocrx_word' id='word_1_105' title='bbox 646 1715 695 1772; x_wconf 86' lang='lat' dir='ltr'><strong>alii</strong></span> <span class='ocrx_word' id='word_1_106' title='bbox 703 1717 768 1793; x_wconf 81' lang='lat' dir='ltr'><strong>for-</strong></span> 
     </span>
     <span class='ocr_line' id='line_1_19' title="bbox 87 1788 770 1875; baseline 0.01 -28"><span class='ocrx_word' id='word_1_107' title='bbox 87 1788 207 1849; x_wconf 82' lang='lat' dir='ltr'><strong>tioribus</strong></span> <span class='ocrx_word' id='word_1_108' title='bbox 231 1791 357 1849; x_wconf 84' lang='lat' dir='ltr'><strong>remediis</strong></span> <span class='ocrx_word' id='word_1_109' title='bbox 375 1796 530 1871; x_wconf 82' lang='lat' dir='ltr'><strong>agendum:</strong></span> <span class='ocrx_word' id='word_1_110' title='bbox 549 1791 626 1853; x_wconf 78' lang='lat' dir='ltr'><strong>nihil</strong></span> <span class='ocrx_word' id='word_1_111' title='bbox 638 1795 667 1853; x_wconf 78' lang='lat' dir='ltr'><strong>in</strong></span> <span class='ocrx_word' id='word_1_112' title='bbox 685 1799 770 1875; x_wconf 73' lang='lat' dir='ltr'><strong>vulgo</strong></span> 
     </span>
     <span class='ocr_line' id='line_1_20' title="bbox 87 1874 770 1951; baseline 0.009 -22"><span class='ocrx_word' id='word_1_113' title='bbox 87 1874 226 1931; x_wconf 84' lang='lat' dir='ltr'><strong>modicum</strong></span> <span class='ocrx_word' id='word_1_114' title='bbox 247 1896 256 1930; x_wconf 92' lang='lat'><em>:</em></span> <span class='ocrx_word' id='word_1_115' title='bbox 279 1890 400 1943; x_wconf 80' lang='lat' dir='ltr'><strong>terrete,</strong></span> <span class='ocrx_word' id='word_1_116' title='bbox 420 1876 451 1931; x_wconf 87' lang='lat' dir='ltr'><strong>ni</strong></span> <span class='ocrx_word' id='word_1_117' title='bbox 465 1893 606 1947; x_wconf 78' lang='lat' dir='ltr'><strong>paveant:</strong></span> <span class='ocrx_word' id='word_1_118' title='bbox 627 1876 673 1933; x_wconf 77' lang='lat' dir='ltr'><strong>ubi</strong></span> <span class='ocrx_word' id='word_1_119' title='bbox 681 1880 770 1951; x_wconf 79' lang='lat' dir='ltr'><strong>perti-</strong></span> 
     </span>
     <span class='ocr_line' id='line_1_21' title="bbox 87 1954 772 2093; baseline 0.007 -83"><span class='ocrx_word' id='word_1_120' title='bbox 87 1954 229 2022; x_wconf 81' lang='lat' dir='ltr'><strong>muerint,</strong></span> <span class='ocrx_word' id='word_1_121' title='bbox 242 1954 350 2026; x_wconf 83' lang='lat' dir='ltr'><strong>impune</strong></span> <span class='ocrx_word' id='word_1_122' title='bbox 364 1956 498 2013; x_wconf 83' lang='lat' dir='ltr'><strong>contemni</strong></span> <span class='ocrx_word' id='word_1_123' title='bbox 515 1958 600 2013; x_wconf 80' lang='lat' dir='ltr'><strong>:dnm</strong></span> <span class='ocrx_word' id='word_1_124' title='bbox 617 1958 772 2093; x_wconf 63' lang='lat' dir='ltr'><strong>superpiitio</strong></span> 
     </span>
     <span class='ocr_line' id='line_1_22' title="bbox 86 2034 771 2115; baseline 0.009 -24"><span class='ocrx_word' id='word_1_125' title='bbox 86 2052 198 2113; x_wconf 73' lang='lat' dir='ltr'><strong>urgent,</strong></span> <span class='ocrx_word' id='word_1_126' title='bbox 221 2034 389 2115; x_wconf 68' lang='lat' dir='ltr'><strong>adjiciendas</strong></span> <span class='ocrx_word' id='word_1_127' title='bbox 403 2058 437 2093; x_wconf 81' lang='lat' dir='ltr'><strong>ex</strong></span> <span class='ocrx_word' id='word_1_128' title='bbox 454 2038 517 2112; x_wconf 80' lang='lat' dir='ltr'><strong>duce</strong></span> <span class='ocrx_word' id='word_1_129' title='bbox 531 2054 635 2106; x_wconf 84' lang='lat' dir='ltr'><strong>metus,</strong></span> <span class='ocrx_word' id='word_1_130' title='bbox 651 2059 684 2095; x_wconf 84' lang='lat' dir='ltr'><strong>su</strong></span> <span class='ocrx_word' id='word_1_131' title='bbox 702 2039 771 2097; x_wconf 83' lang='lat' dir='ltr'><strong>latis</strong></span> 
     </span>
     <span class='ocr_line' id='line_1_23' title="bbox 85 2113 769 2197; baseline 0.004 -24"><span class='ocrx_word' id='word_1_132' title='bbox 85 2113 238 2174; x_wconf 83' lang='lat' dir='ltr'><strong>seditionis</strong></span> <span class='ocrx_word' id='word_1_133' title='bbox 256 2115 415 2191; x_wconf 69' lang='lat' dir='ltr'><strong>artioribus.</strong></span> <span class='ocrx_word' id='word_1_134' title='bbox 440 2116 606 2194; x_wconf 85' lang='lat' dir='ltr'><strong>Promptum</strong></span> <span class='ocrx_word' id='word_1_135' title='bbox 628 2117 665 2175; x_wconf 87' lang='lat' dir='ltr'><strong>ad</strong></span> <span class='ocrx_word' id='word_1_136' title='bbox 685 2138 769 2197; x_wconf 86' lang='lat' dir='ltr'><strong>aspe-</strong></span> 
     </span>
     <span class='ocr_line' id='line_1_24' title="bbox 84 2195 767 2258; baseline 0.007 -5"><span class='ocrx_word' id='word_1_137' title='bbox 84 2196 160 2255; x_wconf 86' lang='lat' dir='ltr'><strong>riora</strong></span> <span class='ocrx_word' id='word_1_138' title='bbox 174 2196 205 2253; x_wconf 94' lang='lat' dir='ltr'><strong>in</strong></span> <span class='ocrx_word' id='word_1_139' title='bbox 229 2196 323 2253; x_wconf 90' lang='lat' dir='ltr'><strong>enium</strong></span> <span class='ocrx_word' id='word_1_140' title='bbox 333 2195 426 2254; x_wconf 89' lang='lat' dir='ltr'><strong>Druso</strong></span> <span class='ocrx_word' id='word_1_141' title='bbox 438 2216 513 2255; x_wconf 87' lang='lat' dir='ltr'><strong>erat:</strong></span> <span class='ocrx_word' id='word_1_142' title='bbox 527 2216 643 2257; x_wconf 86' lang='lat' dir='ltr'><strong>vocatos</strong></span> <span class='ocrx_word' id='word_1_143' title='bbox 650 2198 767 2258; x_wconf 89' lang='lat' dir='ltr'><strong>Vibule-</strong></span> 
     </span>
     <span class='ocr_line' id='line_1_25' title="bbox 84 2215 769 2356; baseline 0.009 -21"><span class='ocrx_word' id='word_1_144' title='bbox 84 2298 154 2335; x_wconf 89' lang='lat' dir='ltr'><strong>num</strong></span> <span class='ocrx_word' id='word_1_145' title='bbox 168 2286 197 2335; x_wconf 88' lang='lat'>&amp;</span> <span class='ocrx_word' id='word_1_146' title='bbox 208 2215 393 2335; x_wconf 61' lang='lat' dir='ltr'><strong>i&#39;ercennium</strong></span> <span class='ocrx_word' id='word_1_147' title='bbox 409 2274 528 2336; x_wconf 85' lang='lat' dir='ltr'><strong>interfici</strong></span> <span class='ocrx_word' id='word_1_148' title='bbox 539 2277 625 2356; x_wconf 90' lang='lat' dir='ltr'><strong>jubet.</strong></span> <span class='ocrx_word' id='word_1_149' title='bbox 637 2278 769 2342; x_wconf 83' lang='lat' dir='ltr'><strong>Tradunt</strong></span> 
     </span>
     <span class='ocr_line' id='line_1_26' title="bbox 84 2358 770 2437; baseline 0.007 -22"><span class='ocrx_word' id='word_1_150' title='bbox 84 2359 213 2437; x_wconf 88' lang='lat' dir='ltr'><strong>plerique</strong></span> <span class='ocrx_word' id='word_1_151' title='bbox 242 2358 315 2416; x_wconf 87' lang='lat' dir='ltr'><strong>intra</strong></span> <span class='ocrx_word' id='word_1_152' title='bbox 342 2358 553 2417; x_wconf 81' lang='lat' dir='ltr'><strong>tabernaculum</strong></span> <span class='ocrx_word' id='word_1_153' title='bbox 580 2358 658 2419; x_wconf 88' lang='lat' dir='ltr'><strong>ducis</strong></span> <span class='ocrx_word' id='word_1_154' title='bbox 682 2362 770 2421; x_wconf 90' lang='lat' dir='ltr'><strong>obru-</strong></span> 
     </span>
     <span class='ocr_line' id='line_1_27' title="bbox 82 2436 769 2521; baseline 0.01 -25"><span class='ocrx_word' id='word_1_155' title='bbox 82 2452 128 2496; x_wconf 83' lang='lat' dir='ltr'><strong>&#39;tos</strong></span> <span class='ocrx_word' id='word_1_156' title='bbox 154 2462 164 2507; x_wconf 71' lang='grc' dir='ltr'>ς</span> <span class='ocrx_word' id='word_1_157' title='bbox 200 2437 251 2496; x_wconf 87' lang='lat' dir='ltr'><strong>alii</strong></span> <span class='ocrx_word' id='word_1_158' title='bbox 281 2436 396 2521; x_wconf 73' lang='lat' dir='ltr'><strong>corporei</strong></span> <span class='ocrx_word' id='word_1_159' title='bbox 422 2460 499 2499; x_wconf 84' lang='lat' dir='ltr'><strong>extra</strong></span> <span class='ocrx_word' id='word_1_160' title='bbox 524 2438 631 2501; x_wconf 82' lang='lat' dir='ltr'><strong>vallum</strong></span> <span class='ocrx_word' id='word_1_161' title='bbox 659 2442 769 2521; x_wconf 67' lang='lat' dir='ltr'><strong>abjedia</strong></span> 
     </span>
     <span class='ocr_line' id='line_1_28' title="bbox 84 2517 689 2577; baseline 0.005 -1"><span class='ocrx_word' id='word_1_162' title='bbox 84 2517 222 2577; x_wconf 88' lang='lat' dir='ltr'><strong>ostentui.</strong></span> <span class='ocrx_word' id='word_1_163' title='bbox 481 2542 483 2546; x_wconf 94' lang='lat'>·</span> <span class='ocrx_word' id='word_1_164' title='bbox 557 2538 561 2545; x_wconf 90' lang='lat'>·</span> <span class='ocrx_word' id='word_1_165' title='bbox 684 2537 689 2545; x_wconf 81' lang='grc'>’</span> 
     </span>
    </p>
   </div>
   <div class='ocr_carea' id='block_1_3' title="bbox 84 2597 769 2927">
    <p class='ocr_par' dir='ltr' id='par_1_4' title="bbox 84 2597 769 2905">
     <span class='ocr_line' id='line_1_29' title="bbox 125 2597 769 2682; baseline 0.012 -26"><span class='ocrx_word' id='word_1_166' title='bbox 125 2597 227 2668; x_wconf 87' lang='lat' dir='ltr'><strong>XXX.</strong></span> <span class='ocrx_word' id='word_1_167' title='bbox 262 2599 370 2669; x_wconf 88' lang='lat' dir='ltr'><strong>Tum,</strong></span> <span class='ocrx_word' id='word_1_168' title='bbox 405 2620 436 2660; x_wconf 90' lang='lat' dir='ltr'><strong>ut</strong></span> <span class='ocrx_word' id='word_1_169' title='bbox 466 2603 584 2682; x_wconf 89' lang='lat' dir='ltr'><strong>quisque</strong></span> <span class='ocrx_word' id='word_1_170' title='bbox 618 2606 769 2682; x_wconf 84' lang='lat' dir='ltr'><strong>praecipum</strong></span> 
     </span>
     <span class='ocr_line' id='line_1_30' title="bbox 85 2679 769 2763; baseline 0.007 -24"><span class='ocrx_word' id='word_1_171' title='bbox 85 2679 241 2748; x_wconf 80' lang='lat' dir='ltr'><strong>turbator,</strong></span> <span class='ocrx_word' id='word_1_172' title='bbox 260 2681 439 2761; x_wconf 78' lang='lat' dir='ltr'><strong>conquisiti:</strong></span> <span class='ocrx_word' id='word_1_173' title='bbox 462 2690 488 2741; x_wconf 91' lang='lat'>&amp;</span> <span class='ocrx_word' id='word_1_174' title='bbox 506 2704 567 2763; x_wconf 84' lang='lat' dir='ltr'><strong>pars</strong></span> <span class='ocrx_word' id='word_1_175' title='bbox 585 2703 660 2741; x_wconf 81' lang='lat' dir='ltr'><strong>extra</strong></span> <span class='ocrx_word' id='word_1_176' title='bbox 683 2682 769 2745; x_wconf 81' lang='lat' dir='ltr'><strong>castra</strong></span> 
     </span>
     <span class='ocr_line' id='line_1_31' title="bbox 84 2760 769 2905; baseline 0.009 -84"><span class='ocrx_word' id='word_1_177' title='bbox 84 2762 216 2847; x_wconf 82' lang='lat' dir='ltr'><strong>palantes</strong></span> <span class='ocrx_word' id='word_1_178' title='bbox 232 2782 250 2822; x_wconf 81' lang='lat' dir='ltr'>a</span> <span class='ocrx_word' id='word_1_179' title='bbox 270 2760 501 2833; x_wconf 87' lang='lat' dir='ltr'><strong>centurionibus,</strong></span> <span class='ocrx_word' id='word_1_180' title='bbox 517 2766 769 2905; x_wconf 60' lang='lat' dir='ltr'><strong>rutpretoriarum</strong></span> 
     </span>
    </p>

    <p class='ocr_par' dir='ltr' id='par_1_5' title="bbox 613 2865 644 2927">
     <span class='ocr_line' id='line_1_32' title="bbox 613 2865 644 2927; baseline 0.065 -24"><span class='ocrx_word' id='word_1_181' title='bbox 613 2865 644 2927; x_wconf 72' lang='lat' dir='ltr'><strong>up</strong></span> 
     </span>
    </p>
   </div>
   <div class='ocr_carea' id='block_1_4' title="bbox 0 0 1042 3659">
    <p class='ocr_par' dir='ltr' id='par_1_6' title="bbox 0 0 1042 3659">
     <span class='ocr_line' id='line_1_33' title="bbox 0 0 1042 3659; baseline 0 0"><span class='ocrx_word' id='word_1_182' title='bbox 0 0 1042 3659; x_wconf 95' lang='lat' dir='ltr'><strong> </strong></span> 
     </span>
    </p>
   </div>
  </div>
 </body>
</html>
