2075 3659
230 259 306 372 '282
361 303 400 370 C.
428 301 575 370 Coss.
608 275 799 369 Tacit-r·

238 421 319 483 mrim
339 424 438 506 ignota
456 422 523 482 ante
545 419 686 482 vocabula
706 439 820 501 reperta
841 440 932 494 sunt,

237 505 409 564 sellariorum
419 513 448 563 &
459 503 655 577 spintriarum,
668 525 702 560 ex
717 501 858 562 foeditate
872 505 932 563 loci

237 607 271 645 ac
289 585 439 664 multiplici
456 582 592 664 patientiis
609 608 616 640 ι
637 587 842 664 praepositique
858 588 934 645 servi

237 669 289 748 qui
322 685 498 747 quaterent,
526 661 714 746 pertraherent
741 688 748 723 ι
784 665 870 726 dona
900 669 931 727 in

238 767 411 828 promptos,
439 749 531 806 minas
556 747 704 806 adversum
730 747 897 808 abnuentes
922 771 932 806 ε

239 832 310 890 &si
335 832 483 888 retinerent
507 830 702 909 propinquus,
725 849 776 887 aur
801 850 932 909 parens,

239 911 319 982 vim,
339 931 450 991 raptus,
472 929 577 990 suaque
599 911 653 990 ipsi
672 909 773 982 libita,
792 911 933 971 velutin

240 1011 352 1071 captos,
374 991 550 1050 exercebant.

280 1072 319 1131 ΙΙ.
337 1072 379 1130 At
395 1072 496 1132 Romae
516 1073 654 1153 principio
670 1074 753 1144 anni,
772 1074 861 1154 quasi
884 1093 932 1132 re·

240 1152 306 1214 cens
323 1155 445 1236 cognitis
466 1155 556 1214 Livice
571 1155 703 1236 flagitiis,
728 1174 761 1214 ac
786 1177 851 1214 non
875 1157 934 1235 pri-

242 1235 309 1295 dem
332 1237 420 1294 etiam
439 1237 564 1315 punitis,
588 1255 695 1296 atroces
718 1237 868 1295 sententias
889 1235 931 1295 di-

241 1317 376 1378 cebantur
393 1319 422 1376 in
438 1317 484 1378 effi
505 1319 544 1376 ies
564 1338 678 1398 quoque
699 1336 732 1376 ac
750 1319 931 1378 memoriam

242 1405 301 1477 ejus
324 1422 332 1456 r
356 1407 384 1457 &
401 1399 471 1457 bona
484 1339 585 1479 bnjand
600 1399 693 1457 ablata
707 1399 824 1469 erario,
848 1403 931 1458 utin

236 1482 338 1561 fiscum
356 1499 531 1558 cogerentur,
551 1498 700 1560 tamquam
718 1477 841 1539 referret.
865 1481 932 1549 Sci-

241 1563 341 1641 piones
360 1557 436 1631 hacc,
463 1569 491 1620 &
508 1560 615 1631 Silani,
635 1569 663 1620 &
685 1559 798 1631 Cassii,
821 1561 934 1626 iisdem

241 1640 332 1701 ferme
356 1659 404 1700 aut
420 1641 546 1722 paullum
564 1643 720 1702 immutatis
738 1641 847 1713 verbis,
870 1644 929 1704 ad-

241 1724 417 1782 severatione
442 1724 531 1782 multa
557 1724 734 1783 censebant:
761 1744 855 1806 quum
877 1747 928 1785 re-

242 1820 327 1886 pente
343 1802 495 1886 Togonius
513 1803 635 1876 Gallus,
659 1803 726 1864 dum
748 1805 929 1888 ignobilita-

243 1903 303 1944 tem
321 1905 400 1944 suam
420 1887 532 1968 magnis
551 1887 714 1946 nominibus
731 1887 848 1960 inserit,
878 1908 935 1970 per

244 1966 430 2027 deridiculum
447 1966 565 2026 auditiu.
586 1967 665 2027 Nam
687 1970 842 2049 principem
862 1992 931 2032 οη·

244 2047 296 2108 bat
308 2050 364 2108 deli
381 2071 423 2108 ere
432 2067 592 2119 senatores,
611 2073 646 2109 ex
658 2050 720 2127 quis
735 2052 840 2130 viginti
848 2073 931 2114 soree

243 2132 338 2200 neni,
360 2073 387 2189 ἒ
407 2132 486 2207 ferro
512 2131 646 2202 accindi,
671 2133 793 2208 quotiens
818 2135 931 2194 cnr-iam

244 2211 361 2280 inisset,
374 2213 489 2270 sulutem
500 2214 559 2292 ejus
568 2213 737 2289 defenderent
749 2237 758 2272 r
771 2213 930 2276 crediderat

244 2292 380 2350 nimirum
397 2290 540 2371 epistola,
559 2293 682 2352 subsidio
694 2293 752 2352 sibi
762 2297 876 2354 alienon
891 2319 930 2358 ex

244 2372 400 2433 consulibus
424 2376 581 2454 poscentis,
609 2393 639 2433 ue
663 2393 737 2434 cuens
763 2400 782 2435 a
812 2379 936 2451 Capreis

245 2455 335 2515 urbem
341 2474 453 2529 peteret.
466 2454 598 2516 Tiberius
610 2476 706 2516 tamen
715 2456 837 2518 ludibria
845 2459 936 2522 seriis'

244 2539 409 2617 permiscere
444 2539 562 2609 solitus,
595 2541 654 2622 egit
680 2539 766 2634 gratis
792 2539 928 2600 benevo-

218 2678 220 2681 .
245 2619 338 2682 lentie
353 2639 463 2698 patrum
477 2644 484 2677 z
499 2623 549 2679 sed
558 2641 624 2698 quos
636 2623 730 2680 omitti
736 2625 845 2695 posse?
858 2644 930 2697 quos

246 2703 355 2781 deligi?
366 2723 501 2776 semperne
511 2705 641 2762 eosdem?
655 2725 690 2762 en
701 2703 814 2762 subinde
825 2704 931 2763 alios?

248 2778 929 2866 &honoribnspefinnonanjmenesrprivatvss
