2075 3659
267 313 343 396 246
391 310 428 377 C.
458 309 602 376 corn.
635 308 825 375 Tacrrr

268 446 401 490 cantuum
432 436 459 489 &
489 447 634 489 armorum
665 425 788 485 tumultu
817 444 942 499 trucem,

267 510 345 571 baud
365 510 461 591 procul
479 508 652 569 instruxerat.

307 591 445 651 XLVIII.
460 579 607 650 Transsita
625 586 726 649 dehinc
738 587 828 648 castra
841 588 944 651 hostem

216 672 218 677 ’
267 691 399 755 propter,
424 673 528 733 reliclis
552 672 627 753 apud
650 674 741 752 priora
770 674 945 733 munimenta

269 754 445 827 Thracibus,
460 774 533 836 quos
541 754 625 813 uobis
636 752 755 812 adfuisse
767 758 944 813 memoravi:

269 839 360 919 iisque
383 839 547 917 permissum
568 837 675 917 vastare
692 882 704 904 ‚
728 857 806 893 urere
817 882 829 905 ,
846 836 947 895 trabere

264 922 390 993 prades,
415 922 477 979 dum
491 918 635 993 populatio
654 918 739 974 lucem
758 917 838 975 intra
851 918 948 997 sistere·

270 1016 334 1071 tur,
357 1006 507 1077 nollemque
523 1000 553 1059 in
569 998 662 1099 cestris
682 1015 770 1054 turam
790 995 819 1057 ἃ
837 1000 949 1077 vigilem

269 1100 439 1155 capesserent
453 1106 463 1139 .·
481 1080 511 1141 id
520 1082 614 1161 primo
625 1097 766 1139 servatum
778 1101 787 1135 ;
800 1100 872 1137 mox
884 1084 949 1140 versi

269 1164 301 1220 in
326 1162 444 1234 luxum,
475 1170 502 1221 &
531 1163 616 1242 raptis
642 1160 792 1239 opulenti,
820 1164 950 1221 omittere

269 1241 422 1315 stationes,
443 1242 558 1303 lasciviai
582 1242 748 1324 epularum,
773 1262 824 1301 aut
850 1264 950 1303 somno

272 1328 388 1384 &vino
408 1324 599 1404 procumbere.
622 1324 713 1406 Igitur
730 1320 846 1395 hostes,
868 1326 950 1385 incu-

270 1404 312 1465 tia
327 1426 424 1466 eorum
441 1404 600 1487 comperti,
621 1405 679 1465 duo
700 1406 820 1487 agmina
837 1426 951 1485 parant,

271 1502 393 1569 quorum
419 1489 505 1547 altero
527 1488 706 1567 populatores
732 1487 953 1559 invaderentur3

271 1570 321 1628 alii
341 1567 426 1629 castra
442 1569 575 1629 Romana
593 1569 809 1651 adpugnarent,
827 1591 890 1628 non
909 1591 953 1650 spe

270 1650 418 1730 capiendi,
437 1651 484 1711 sed
502 1669 533 1710 ut
550 1651 686 1720 clamore,
704 1650 784 1721 telis,
802 1672 855 1710 suo
871 1654 952 1732 quis-

271 1738 326 1813 que
360 1733 483 1811 periculo
511 1734 652 1804 intentus,
680 1733 954 1794 sonorem'alterius

271 1813 364 1893 proelii
394 1834 453 1873 non
484 1816 622 1894 acciperet
651 1838 657 1871 ε
687 1812 808 1872 tenebrae
841 1815 955 1894 insuper
1018 1847 1019 1892 3

272 1894 403 1966 delectae,
430 1895 591 1979 augendam
612 1895 649 1955 ad
676 1892 872 1954 formidinem.
899 1897 955 1957 Sed

214 1990 216 1995 '
272 1978 323 2057 qui
351 1976 457 2036 vallum
490 1976 638 2061 legionum
669 1976 836 2047 tentabant,
867 1976 955 2036 facile
1018 1983 1019 2018 ἶ

271 2058 419 2138 pelluntur.
455 2056 602 2117 Thracum
634 2057 767 2128 auxilia,
804 2062 954 2136 repentino
1018 2067 1019 2072 ’

272 2138 382 2219 incursu
402 2142 522 2211 territa,
545 2162 632 2221 quum
657 2158 718 2219 pars
745 2140 954 2201 munitionibus
1018 2199 1019 2204 ,

272 2220 431 2299 adjacerent
461 2268 469 2291 ‚
509 2221 599 2301 plures
641 2217 716 2280 extri
756 2220 955 2300 palarentur,

272 2298 353 2360 t'antb
377 2302 510 2361 infensius
533 2297 751 2384 caesi,-quantb
774 2304 895 2381 perfuga
926 2302 955 2363 ἃ
1018 2371 1019 2376 ¹

268 2384 445 2460 proditores,
458 2383 534 2460 ferre
552 2407 631 2442 arma
647 2386 687 2443 ed
703 2405 783 2442 suam
803 2388 956 2461 patriaque

273 2466 439 2535 servitium,
463 2466 669 2526 incusabantur.

314 2545 421 2605 XLIX.
449 2544 561 2605 Postera
590 2546 635 2607 die
655 2546 776 2607 Sabinus
799 2548 953 2607 exercitum

274 2650 356 2711 aequo
380 2630 446 2691 loeo
471 2626 610 2700 ostendit,
636 2631 660 2687 si
684 2628 796 2687 barbari
826 2649 954 2688 successu
1018 2669 1019 2674 κ

273 2714 365 2771 unciis
402 2711 531 2781 alacres,
565 2710 693 2790 proelium
721 2708 857 2768 auderent
889 2734 895 2765 ι
925 2719 953 2769 δι

276 2790 424 2874 postquam
443 2789 591 2863 castello,
611 2811 659 2853 aut
673 2792 828 2872 conjunclis
838 2790 953 2851 tumulis
