2075 3659
220 282 469 353 AnuArrrmr
494 287 580 354 ΜΒ.
605 290 636 355 Ι.
724 294 768 378 67

89 406 265 483 contemptis
284 404 445 477 metuendi,
464 408 616 486 perniciem
637 408 719 481 aliis,
737 432 771 471 ae

87 483 264 566 postremrim
283 487 337 545 sibi
358 489 497 547 invenere.
523 488 578 548 Sed
599 490 769 553 Marcellum

88 568 294 639 insimulabat,
309 570 434 651 sinistros
450 575 482 630 dc
506 570 616 631 Tiberio
633 594 771 633 sermones

86 648 219 709 habuisse
245 674 255 709 .·
284 651 449 711 iuevitabile
471 655 598 725 crimen,
624 674 712 735 quum
737 676 771 715 ex

85 732 218 791 motibus
236 732 367 811 principis
389 732 546 793 foedissima
568 757 684 817 quaque
703 737 771 796 deli·

84 833 168 894 geret
189 834 354 887 accusator,
380 816 589 898 objetiaretque
608 838 656 877 reo
676 840 683 875 t
702 840 769 879 nam

85 896 157 974 quia
175 915 358 966 vetuerant,
373 898 463 955 etiam
483 898 559 958 dicia
577 899 769 961 credebantur.

84 975 213 1035 Addidit
234 976 348 1057 Hispo,
364 979 484 1059 statuam
504 980 639 1041 Marcelli
663 982 769 1053 altids,

84 1057 171 1134 quim
191 1062 326 1119 Caesarm
345 1060 430 1119 sitam
453 1085 463 1120 .·
488 1059 515 1123 d
537 1063 598 1121 alia
615 1064 645 1123 in
659 1066 769 1143 statua,

84 1158 230 1213 amputato
254 1142 343 1215 capite
366 1140 499 1223 Augusti,
520 1144 633 1222 effigiem
663 1144 771 1205 Tiberii

86 1221 211 1281 inditam
227 1246 239 1282 .·
258 1221 296 1281 ad
315 1222 394 1303 quod
413 1226 514 1285 exarsit
531 1226 622 1297 adeo,
639 1246 670 1286 ut
688 1248 769 1307 rupta

86 1304 283 1363 taciturnitate
302 1305 506 1383 proclamaret,
525 1329 554 1365 se
567 1329 666 1383 quoque
689 1310 718 1367 in
737 1331 770 1368 ea

86 1386 300 1443 consolaturum
309 1387 476 1445 sententiam
481 1389 580 1460 palam
591 1384 617 1447 ἃ
625 1390 767 1467 juratum,

86 1463 149 1545 qud
173 1468 270 1527 ceteris
295 1464 396 1526 eadem
420 1469 569 1527 necessitas
594 1466 680 1529 fieret.
701 1470 770 1529 Ma·

85 1547 197 1607 nebant
220 1549 394 1619 etiamtum
418 1546 537 1631 vestigia
561 1551 707 1609 morientis
729 1552 767 1609 li-

88 1626 216 1689 bertatis.
228 1630 321 1711 Igitur
332 1629 390 1689 Cn.
401 1629 483 1700 Piso,
499 1631 578 1709 Quo,
593 1632 700 1711 inquit,
711 1633 770 1691 loco

87 1711 211 1770 censebis
222 1715 341 1771 secar?
355 1712 384 1771 si
390 1713 517 1784 primus,
537 1710 637 1771 habebo
649 1716 720 1789 quod
730 1738 770 1773 se·

81 1815 161 1867 ‚quar
178 1818 188 1851 .·
206 1793 234 1851 si
245 1795 304 1874 poll
320 1814 432 1862 omnes,
451 1816 548 1853 vereor
565 1817 598 1853 tre
615 1795 770 1867 imprudens

88 1875 256 1933 dissentiam
272 1898 279 1931 :
298 1895 440 1952 permotus
459 1871 518 1944 his,
540 1873 705 1955 quantbque
727 1879 770 1937 in·

90 1953 198 2015 cautiris
227 1952 415 2026 efferbuerat,
438 1955 606 2033 poenitentii
632 1959 766 2034 petiens,

91 2037 159 2096 tulit
178 2035 290 2097 absolvi
306 2057 384 2095 reum
405 2036 570 2095 criminibus
594 2035 768 2113 majestatis:

90 2118 127 2176 de
161 2120 287 2198 pecuniis
317 2118 476 2198 repetundis
507 2117 545 2177 ad
574 2120 770 2197 reciperatores

88 2201 165 2261 itum
186 2197 233 2259 est

131 2281 255 2341 LXXV.
277 2280 339 2341 Nec
357 2301 467 2361 patrum
490 2278 703 2362 cognitionibus
725 2303 770 2343 sa·

89 2364 177 2424 tiatus
188 2409 198 2435 ,
217 2363 329 2443 judiciis
351 2362 498 2424 adsidebat
514 2364 544 2421 in
568 2382 654 2423 cornu
675 2363 767 2423 tribu-

88 2447 193 2517 nalis,
227 2467 263 2505 ne
297 2451 442 2525 praetorem
478 2444 566 2503 curuli
597 2443 770 2523 depellerem

89 2528 239 2608 multaque
255 2548 291 2585 eo
310 2548 422 2597 cosam,
440 2525 568 2585 adversus
586 2526 727 2585 ambitum
742 2535 770 2585 δι

88 2611 252 2690 potentium
274 2629 366 2688 preces
381 2606 531 2667 constituta
548 2629 554 2663 t
574 2606 621 2667 sed
635 2607 702 2666 dum
720 2627 770 2666 ve·

88 2693 170 2751 citati
194 2691 348 2751 consulitur
359 2710 372 2760 ‚¹
394 2690 506 2749 libertas
530 2687 767 2768 corrumpebatur.

89 2772 169 2836 Inter
192 2794 252 2855 quae
269 2772 335 2834 Pius
354 2770 483 2833 Arueiius
505 2790 634 2847 senator,
661 2766 769 2852 questus
