2075 3659
171 250 627 369 ruscinonensis
681 314 755 389 3213

12 452 21 484 =,
60 418 219 516 permisit3
241 421 323 496 jactis
345 437 441 478 tamen
460 418 596 488 vocibus,
618 439 666 500 per
685 441 757 502 quas

12 533 18 566 ‚-
63 501 278 583 mrelligeretur
289 499 420 579 providus
439 500 604 560 futurorum.
621 501 757 583 Namque

12 646 13 649 ,
62 583 231 652 Macroni,
252 601 311 640 non
331 578 428 640 abditi
453 582 595 666 ambage,
622 583 758 642 Occiden-

11 699 18 732 ·:
65 682 131 722 tem
144 663 177 721 ab
195 684 226 721 eo
239 662 345 732 deseri,
368 659 511 722 Orientem
523 665 640 737 spellari
659 685 757 746 expro*

65 744 179 803 bravit.
192 743 231 802 Et
245 742 282 803 C.
300 741 427 814 Caesari,
442 742 514 802 forte
528 763 591 803 orto
604 761 755 816 sermone,

12 893 15 898 ‚
65 825 109 884 L.
138 824 246 884 Sullam
266 823 421 892 inridenti,
444 827 538 883 omnin
558 825 643 885 Sulln
662 827 757 898 viria,

12 946 16 978 7
70 903 106 966 ἃ
120 908 225 964 nullam
241 906 359 985 ejusdem
375 906 506 966 virtutem
520 905 676 966 habiturum
690 929 757 987 prae*

12 1027 16 1035 ι
66 987 176 1046 dixit:
197 987 303 1056 simul,
325 987 428 1045 crebris
447 1003 511 1044 cum
530 987 678 1068 lacrymis,
699 992 757 1048 rni-

67 1088 176 1127 norem
212 1087 245 1124 ex
282 1067 431 1147 nepotibus
466 1069 650 1148 complexus,
685 1071 759 1130 truci>

12 1195 13 1225 5
67 1150 191 1210 alterius
211 1147 309 1217 vultu3
341 1147 457 1208 Occides
481 1149 551 1208 hunc
569 1169 620 1220 ru,
641 1152 757 1232 inquit,

70 1228 104 1291 δ’
132 1230 262 1289 trelius.
288 1228 343 1289 Sed
368 1249 545 1313 gravescente
569 1231 756 1304 valetudine,

68 1309 151 1372 nihil
170 1309 365 1370 elibidinibus
382 1309 553 1380 omittebat,
572 1313 601 1370 in
619 1315 756 1391 patientia

12 1465 14 1470 ,
68 1390 280 1452 firmitudinem
300 1391 434 1450 simulans
445 1413 454 1460 3
475 1391 628 1472 solitusque
646 1393 757 1452 eludere

70 1473 253 1534 medicorum
285 1485 386 1543 artes}
404 1490 489 1552 atque
518 1491 588 1542 eos,
617 1476 666 1553 qui
695 1473 758 1553 post

69 1556 250 1616 tricesimum
276 1553 363 1613 cratis
392 1573 518 1621 annum,
549 1553 584 1612 ad
612 1554 758 1614 internos-

71 1636 169 1696 cenda
181 1637 291 1717 corpori
305 1657 355 1695 suo
368 1635 449 1694 utilia
463 1680 475 1704 ,
488 1631 534 1694 vel
550 1635 655 1706 noxia,
670 1636 758 1698 alieni

72 1719 192 1778 consilii
210 1717 270 1777 indi
291 1736 376 1776 erent.
403 1726 407 1734 '

116 1799 244 1860 XLVII.
270 1737 387 1858 interim
414 1796 515 1859 Roma
541 1797 638 1859 futuris
668 1801 755 1860 eriam

72 1879 141 1962 post
156 1879 306 1940 Tiberium
319 1880 440 1941 caedibus
452 1883 560 1940 semina
573 1881 756 1957 jaciebantur.

72 1961 183 2022 Laelius
199 1961 302 2021 Balbus
316 1964 469 2031 Acuriam,
484 1963 515 2019 P.
535 1961 648 2019 Vitellii
668 1983 760 2040 quon-

73 2043 147 2103 dam
181 2063 325 2113 uxorem,
361 2040 511 2118 majestatis
544 2039 759 2120 postulaveram

96 2123 136 2184 uri
158 2121 312 2191 damnati,
330 2143 419 2200 quum
438 2123 582 2200 praemium
602 2125 759 2182 accusatori

73 2147 295 2272 decerneretur,
314 2201 412 2261 Junius
429 2201 530 2271 Otho,
554 2202 679 2262 tribunus
697 2205 761 2284 ple«
838 2203 841 2209 '

75 2287 148 2358 bei,
163 2334 166 2338 Δ
181 2284 361 2343 intercessit:
387 2279 461 2343 unde
489 2283 545 2342 illis
574 2284 659 2356 odia,
689 2305 760 2346 mort

75 2366 198 2427 Othoni
221 2365 357 2424 exsilium.
378 2365 455 2424 Dein
473 2365 627 2426 multorum
647 2369 763 2426 amori-

78 2449 133 2509 bus
157 2447 267 2506 famosa
287 2446 450 2517 Albucilla,
474 2449 518 2504 cui
543 2450 760 2508 matrimonium

78 2551 150 2588 turn
162 2529 253 2588 Satrio
265 2527 412 2597 Secundo,
427 2531 630 2608 conjurationis
648 2526 761 2600 indico,

79 2609 195 2679 fuerat,
215 2608 336 2668 defertur
353 2609 507 2688 impietatis
524 2611 554 2667 in
573 2611 726 2688 principem
751 2630 761 2666 r

80 2691 343 2760 comedebantur,
373 2708 403 2747 ut
430 2691 557 2760 conscii,
588 2699 614 2749 &
641 2690 763 2748 adulteri

79 2777 142 2851 ejus
161 2817 185 2850 ,ἐ
203 2771 262 2834 Cn.
289 2771 457 2844 Domitius,
485 2771 593 2836 Vibius
610 2771 731 2842 Marsus
751 2815 763 2844 ,
