2075 3659
176 300 423 373 Annrrwn
446 302 534 371 ΜΒ.
561 303 630 371 IV.
682 327 750 403 249

57 422 188 489 addunt
212 425 323 485 animos
344 444 351 479 τ
373 442 433 481 nox
454 422 517 481 aliis
538 423 569 481 in
587 420 760 494 audaciam,

58 508 142 567 aliis
171 501 209 565 ad
233 502 417 563 formidinem
441 521 628 583 opportuna5
659 505 758 563 incerti

59 590 172 657 istus,
197 586 312 645 vulnera
337 583 511 665 improvisa3
533 605 648 643 suorum
672 605 759 666 atque

63 665 206 737 hostium
223 666 389 750 ignorati03
407 674 435 725 &
450 666 555 725 montis
573 665 702 727 anfractu
715 688 761 725 re-

62 769 236 829 percussae,
262 748 339 807 velut
369 768 386 807 a
416 766 519 830 tergo,
545 767 658 826 voces,
684 747 759 809 adeo

65 833 181 893 cundia
195 831 379 898 miscuerant,
393 846 423 887 ut
439 826 569 909 quaedam
581 830 760 891 munimenta

65 911 225 979 Romani,
249 911 330 990 quasi
349 929 428 989 petru
448 928 492 981 ta,
514 910 685 969 omiserint:
706 932 759 972 ne·

52 1007 133 1073 'que
153 1011 250 1051 tamen
266 1010 407 1070 pervasere
423 930 513 1049 iostes
530 992 585 1051 nisi
601 990 759 1051 admodum

67 1075 163 1154 pauci
182 1098 189 1131 z
205 1090 333 1151 caeteros,
349 1071 440 1131 deleto
457 1073 668 1152 promptissimo
685 1095 757 1155 quo·

69 1176 135 1236 que
158 1173 207 1215 aut
227 1155 344 1224 saucio,
359 1152 507 1231 adpetente
527 1158 587 1233 jam
601 1154 681 1225 luce,
693 1176 756 1215 tru-

70 1256 136 1295 sere
151 1238 184 1297 in
201 1256 310 1297 summa
324 1232 428 1293 castelli
441 1258 448 1292 ι
463 1235 514 1293 ubi
525 1234 640 1294 tandem
658 1240 759 1299 coatia

70 1316 211 1389 deditio,
231 1326 259 1377 &
278 1316 406 1397 proxima
420 1335 518 1395 sponte
538 1316 695 1375 incolatum
716 1338 759 1377 re-

71 1419 162 1479 cepta
180 1423 187 1456 :
208 1398 336 1479 reliquis,
354 1394 413 1478 qui>
430 1394 522 1456 mincis
535 1398 566 1457 vi
580 1416 629 1456 aut
644 1397 759 1457 obsidio

71 1480 303 1564 subigerentur,
336 1498 500 1559 praematura
528 1479 634 1537 montis
661 1478 760 1541 Haemi

72 1570 104 1625 &
121 1584 198 1622 saeva
215 1558 306 1619 hiems
325 1560 461 1621 subvenit

86 1704 89 1711 ,
118 1643 187 1703 LII.
201 1642 241 1703 At
260 1642 374 1713 Romae,
392 1638 538 1701 commoti
554 1642 686 1722 principis
698 1641 766 1701 d0·.
836 1691 840 1699 ,

73 1745 129 1783 nto
142 1771 154 1795 ,
187 1743 217 1784 ut
233 1725 314 1783 series
328 1720 414 1783 futuri
429 1724 459 1783 in
474 1722 662 1806 Agrippinam
679 1726 759 1784 exitii

74 1807 237 1886 inciperet,
267 1800 390 1865 Claudia
413 1800 533 1864 Pulchra
561 1805 674 1864 sobrina
700 1811 760 1885 ejus

74 1886 254 1968 postulatur,
281 1904 428 1947 accusante
454 1886 588 1945 Domitio
616 1884 698 1945 Afro.
729 1887 759 1948 1⁸

74 1989 178 2028 recens
198 1966 339 2049 praetura,
362 1966 490 2025 modicus
514 1965 706 2048 dignationis,
721 1976 758 2026 -&

77 2071 202 2131 quoquo
224 2047 348 2109 facinore
367 2067 497 2127 properus
517 2047 683 2118 clarescere,
704 2049 758 2105 cri-

77 2155 142 2193 mea
163 2130 362 2205 impudicitia,
375 2129 525 2187 adulterum
537 2126 670 2185 Furnium
680 2173 692 2197 ,
707 2151 758 2188 νι-

78 2214 182 2293 neficia
204 2212 234 2269 in
248 2210 400 2285 principem
420 2205 446 2269 ἃ
462 2208 620 2268 devotiones
636 2208 760 2288 objecta-

79 2294 141 2355 bat.
168 2292 327 2375 Agrippina
347 2310 453 2371 semper
471 2308 572 2361 atrox,
588 2295 650 2349 tum
664 2300 691 2350 δι
713 2313 760 2369 pe·

78 2374 174 2435 riculo
193 2376 354 2453 propinque
378 2392 512 2443 accensa,
530 2374 621 2455 pergit
639 2372 682 2444 ad!
699 2372 757 2433 Ti-

80 2457 213 2531 berium,
230 2474 262 2513 ac
281 2453 353 2513 forte
371 2452 572 2515 sacrificantem
590 2456 663 2533 patri
678 2475 760 2534 tepe-

80 2540 210 2617 ritt-quo
225 2538 306 2595 initio
324 2534 453 2605 invidiae,
470 2536 538 2593 Non
549 2535 685 2613 ejusdem,
700 2537 759 2606 ait,

82 2624 202 2679 mediare
217 2619 282 2678 divo
298 2616 415 2697 Augusto
429 2616 558 2677 vidimus
568 2660 581 2685 ,
601 2612 627 2673 ἃ
643 2616 761 2694 posteros

82 2702 144 2781 ejus
155 2700 281 2761 insedari
293 2723 303 2757 .·
317 2720 371 2757 nort
382 2698 412 2755 in
423 2696 621 2775 effigiesmtrtas
634 2696 761 2755 divinum

83 2780 223 2860 Spiritum
237 2780 421 2861 transfusum,
437 2780 488 2845 sed
502 2778 651 2857 imaginem
667 2799 762 2840 veram

575 2856 640 2920 Lv
