2075 3659
190 274 439 353 AnnAtrurr
462 286 549 354 ω.
573 290 644 359 ΙΙΙ.
697 314 771 383 159·

80 418 154 459 raro
175 421 208 459 ea
233 399 412 481 tempestate,
434 413 461 465 &
485 426 499 463 e
517 426 611 466 vetere
627 415 766 475 memoria

82 482 235 553 facinore,
253 482 402 543 decumum
415 506 556 567 quemque
568 490 768 571 ignominiosa

81 560 215 626 cohortis
238 585 311 624 sorte
335 564 455 637 ductos,
480 566 546 627 fusti
565 590 655 633 necat.
678 571 765 633 Tan·

80 663 206 724 tumque
220 648 365 706 severitate
378 645 557 726 profeiiurn,
576 671 609 711 ut
629 654 766 715 vexilium

79 745 284 801 veteranorum
307 746 366 786 non
390 728 510 807 amplitis
536 732 686 815 quingenti
705 757 764 795 nu-

15 807 17 813 '
81 826 189 878 mero,
212 806 326 867 easdem
352 806 544 871 Tacfarinatis
561 814 678 891 copias,
700 835 769 894 pra·

38 938 40 941 ,
80 886 210 957 sidium,
230 890 275 947 cui
290 885 385 948 Thala
397 911 524 961 nornen,
547 892 705 986 adgressas,
722 896 769 957 fir-

82 966 180 1029 derint
195 988 272 1048 :quo
288 970 387 1049 proelio
405 970 494 1031 Rufus
507 972 649 1046 Helvns,
666 996 768 1059 grega-

83 1050 183 1131 garius
207 1050 307 1120 miles,
327 1053 427 1111 servati
450 1054 518 1113 civis
541 1054 623 1115 decus
645 1059 763 1130 remiitr

85 1128 212 1191 donatus
234 1151 268 1189 ue
291 1129 329 1190 est
348 1131 385 1189 ab
411 1134 539 1213 Apronio
565 1138 712 1217 torquibus
735 1148 766 1200 δι

85 1207 168 1271 hasti
191 1152 313 1271 :iasar
329 1212 439 1273 addidit
465 1217 584 1275 civicam
608 1239 765 1293 coronam,

82 1294 159 1369 qudd
171 1315 227 1351 non
240 1316 300 1351 tarn
314 1316 414 1371 quoque
429 1295 572 1369 Apronius
575 1300 639 1378 jure
645 1322 763 1374 procon-

83 1375 158 1433 sulis
175 1374 334 1444 tribuisset,
350 1373 460 1455 questus
480 1380 594 1458 magis,
611 1378 698 1459 qu'am
720 1381 765 1441 of-

82 1453 188 1515 fensus.
202 1454 258 1515 Sed
270 1452 455 1526 Tacfarinas,
466 1459 596 1535 perculsis
609 1460 765 1535 Numidis,

83 1544 111 1595 δι
123 1534 238 1595 obsidia
250 1536 496 1615 adspernantibus,
512 1541 619 1621 spargit
634 1539 764 1616 bellum3

83 1618 135 1676 ubi
149 1614 314 1686 instaretur,
336 1616 451 1689 cedens,
470 1639 503 1676 ac
517 1640 626 1679 rursum
637 1624 668 1681 in
684 1644 766 1708 terga

82 1718 214 1759 remeans
237 1722 244 1755 :
268 1707 295 1758 &
313 1697 381 1757 dum
400 1719 433 1757 ea
452 1701 526 1763 ratio
543 1701 664 1763 barbaro
687 1703 764 1778 fuit,

83 1778 203 1841 inritum
225 1776 567 1860 fessumque'Romanum
584 1784 700 1863 impune
718 1785 766 1847 lu·

84 1860 255 1922 dificabatut
277 1884 284 1919 :
322 1860 450 1943 ostquam
470 1862 582 1924 deflexit
599 1864 637 1925 ad
652 1870 765 1927 mariti·

85 1962 147 2003 mos
157 1942 255 2012 locos,
267 1882 400 2025 inligatus
420 1942 530 2023 prada,
548 1942 656 2006 stativis
669 1946 765 2009 tastris

86 2022 247 2085 adhaerebat
268 2045 275 2079 z
299 2026 384 2084 missu
399 2025 483 2104 patris
500 2024 643 2103 Apronius
656 2026 763 2087 Casia·

85 2128 157 2179 nus,
178 2124 243 2164 cum
265 2107 358 2184 equite
372 2102 575 2165 &cohortibus
589 2106 762 2180 auxiliariis,

87 2190 147 2267 quis
182 2184 373 2245 velocissimos
407 2186 555 2267 legionum
586 2185 765 2261 addiderat,

86 2288 248 2349 prosperam
258 2266 403 2327 adversum
417 2266 558 2328 Numidas
571 2288 697 2352 pugnam
711 2268 761 2331 fa·

85 2351 144 2421 tit,
167 2350 301 2429 pellitque
321 2351 352 2409 in
370 2348 487 2409 deserta.

86 2460 89 2465 ·
124 2430 241 2491 XXII.
263 2431 304 2491 At
327 2429 426 2493 Romae
448 2430 575 2510 Lepida,
596 2434 660 2503 etsi,
681 2454 765 2513 super

84 2508 273 2571 'AEmiiionun
295 2510 392 2582 decus,
408 2512 443 2571 L.
456 2512 536 2571 Sulla
550 2534 584 2572 ae
594 2512 652 2572 Cn.
667 2512 762 2572 Pom·

87 2596 164 2673 peius
193 2593 291 2673 proavi
313 2612 390 2652 erant
404 2638 414 2662 ,
428 2590 561 2658 ,defertur
582 2588 764 2655 simulavisse

84 2695 193 2748 partum
207 2698 241 2735 ex
253 2673 289 2733 P.
316 2674 452 2752 Quirino,
468 2675 558 2734 divite
574 2693 652 2750 arque
664 2674 728 2733 ordo
748 2700 762 2733 .-

88 2754 761 2837 adiiciebantundulterimrnruarqeasirumqut
