2075 3659
250 318 504 384 &immersum
532 315 682 384 ΝοτΛε.Ι
753 331 809 398 389

124 428 199 498 cujus
212 428 356 481 sententiam
371 430 551 497 sequerentur,
571 442 600 479 ut
612 447 641 479 ea
656 427 811 481 discessione

125 505 315 574 dignosceretur
331 505 389 571 quid
411 505 521 570 pluribus
544 506 681 570 placeret:
702 515 811 570 tuncque

124 579 245 648 judicium
261 589 304 628 aut
314 580 441 630 decretum
458 577 513 628 fieri
530 578 760 645 perdlscessionem
772 578 810 628 di-

125 654 239 704 cebatut.
250 653 315 704 Vide
327 653 400 703 Plinii
410 651 478 719 epist.
492 654 508 704 8
520 685 527 710 ,
546 665 589 715 14.

164 726 242 777 Lxx,
261 742 284 778 ι.
302 727 497 776 CasiusCordus.
515 727 600 777 Cretae
616 725 809 794 &Cyrenarum

125 801 277 868 proconsul.
294 800 326 849 de
342 816 392 866 quo
412 803 486 865 sopri
504 801 548 866 38.

166 889 191 924 2.
204 873 327 942 Egregium
334 873 465 940 publicum.
480 875 517 924 Eo
529 873 602 922 sensu
611 889 660 942 quo
672 870 756 922 bonum
765 890 810 939 pu·

126 946 222 996 tticum.
241 948 266 997 dt
283 947 368 996 Livius
383 948 444 998 dixit
453 949 584 1014 pessimum'
594 946 713 1013 publicum
725 948 768 999 lib.
781 963 808 997 2.

126 1020 186 1075 Nee
200 1020 322 1070 dubitatur
336 1025 392 1087 quir
407 1021 498 1072 Brutus
511 1023 616 1088 pessimo
631 1019 729 1088 publico
743 1037 807 1090 reges

126 1093 248 1145 excessurus
262 1093 354 1163 sulss‘s·

164 1167 253 1218 Llslll.
273 1185 296 1219 r.
312 1159 418 1235 Equestn'
428 1164 542 1236 fortune.
561 1167 721 1219 Admittenda
738 1163 809 1218 vide·

125 1252 168 1292 tur
181 1243 440 1307 Grutericonjeslura
462 1244 617 1293 emendantis
631 1241 741 1308 sequestri
757 1239 812 1305 for·

127 1332 188 1366 eune
208 1331 215 1367 τ
232 1317 280 1367 suit
298 1318 363 1366 enim
389 1316 555 1382 proculdubio
580 1317 666 1366 Romae
689 1316 809 1380 templum

124 1389 234 1456 equestris
248 1391 366 1454 fortune,
388 1402 550 1440 memoratum
572 1389 734 1456 scriptoribus
750 1401 809 1439 ante
877 1443 878 1446 ,

126 1463 224 1530 &post
242 1465 366 1514 Taciturn.
385 1463 505 1529 sequester
523 1479 606 1514 aurern
624 1481 655 1513 ex
674 1463 809 1514 Gronovio

126 1554 179 1588 non
195 1555 208 1586 a
217 1535 318 1604 sequor,
331 1539 397 1605 quod
412 1537 498 1588 Gellio
511 1537 647 1599 creditum,
659 1536 700 1586 sed
716 1554 729 1586 a
739 1535 810 1600 secus

127 1606 237 1673 dicitur,
260 1613 328 1677 quasi
339 1611 456 1676 stetisset,
476 1609 591 1677 quoniam
608 1610 743 1660 intervenit
761 1610 810 1660 dis·

127 1686 264 1736 sidentibus
275 1719 281 1743 ,
300 1685 353 1751 ipse
366 1697 508 1735 neutrarum
520 1683 642 1752 partium,
658 1685 757 1734 aliusne
770 1683 782 1733 s
796 1706 812 1724 ·

126 1772 209 1811 motus
220 1761 250 1809 ab
263 1769 379 1825 utroque.
388 1759 457 1809 Duas
469 1777 531 1810 vero
545 1759 661 1826 personas
673 1755 810 1825 significat,

125 1836 168 1884 vel
184 1831 282 1895 arbitri,
300 1834 374 1883 medii
390 1835 553 1898 interpretis,
568 1834 609 1883 vel
628 1832 746 1894 custodis,
766 1849 811 1899 pe·

126 1924 171 1959 nes
182 1924 255 1975 quem
263 1923 303 1957 res
314 1908 475 1958 controversa
484 1907 627 1972 deponitur.
637 1907 669 1954 Et
679 1907 728 1956 hoc
739 1907 811 1957 sensu

125 1998 178 2034 vox
193 1982 333 2032 sumebatur
346 1983 371 2031 in
388 1983 437 2031 hoc
448 1981 588 2031 adulatorio
599 1990 661 2029 voto
680 1981 790 2046 equitum
802 2015 810 2038 .

125 2057 219 2123 quippe
234 2056 275 2123 qui
288 2056 387 2106 salutem
398 2053 511 2122 Augustae
524 2054 588 2119 apud
604 2053 728 2103 fortunam
739 2053 810 2120 quasi

125 2130 309 2196 deposuerant,
320 2129 346 2180 dt
357 2129 414 2178 huic
431 2129 497 2178 illam
512 2127 693 2178 custodiendam
709 2128 812 2179 manda·
839 2155 843 2164 =

125 2215 224 2255 verant.

165 2294 190 2328 2.
210 2275 261 2327 Ur.
272 2310 296 2328 ..
312 2273 405 2342 abeffer.
420 2274 485 2326 Tum
501 2274 591 2326 liceret
608 2274 631 2324 ei
645 2272 727 2325 abesse
742 2275 812 2340 plus·

125 2367 198 2420 quam
211 2350 356 2413 binoslium,
368 2348 440 2401 venis
450 2362 532 2401 tamen
542 2368 556 2400 n
566 2347 685 2416 pontifice
695 2350 808 2401 maximo

125 2426 194 2494 priris
206 2425 346 2490 impetratai.

164 2497 267 2548 Lxxlt.
283 2514 303 2547 r.
323 2497 446 2548 Arcuerar.
463 2498 569 2566 Vulgari
588 2493 707 2547 mendosi
724 2513 808 2565 argere·

124 2587 173 2624 rar.
180 2573 326 2622 Certissima
335 2571 510 2623 emendatione
520 2571 686 2636 reposuerunt
695 2571 808 2638 Lipsius,
896 2609 897 2612 ,

126 2647 274 2700 Gronovius
286 2661 407 2704 arcuerat,
423 2647 441 2696 i.
453 2662 476 2695 e.
487 2655 619 2706 vetuerat,
635 2645 806 2711 prohibuerat.

164 2737 190 2770 2.
211 2720 325 2770 Manente
341 2723 507 2771 ....nom1'ne
525 2717 641 2785 Pompeii.
659 2720 756 2788 Nempe
771 2716 808 2768 illi

124 2794 246 2861 theatro,
267 2811 410 2864 quamquam
427 2811 441 2846 a
458 2793 558 2845 Caesare
578 2791 702 2845 extruslo.

602 2863 629 2925 n
648 2864 680 2945 nj
