2075 3659
240 314 311 376 206
363 306 399 374 C.
429 303 577 374 Coun.
609 308 799 373 TAchr

238 427 389 487 Tiberium
417 426 501 486 variis
534 424 639 486 artibus
664 424 793 487 devinxit
824 425 911 498 adeo,

239 530 271 570 ut
291 510 440 571 obscurum
459 508 606 567 adversum
626 506 718 577 alioS,
734 508 793 569 sibi
807 510 859 567 uni
874 510 913 568 in-

154 638 159 653 .
241 612 355 651 cautum
384 592 577 671 intectumque
602 589 721 649 efficeret
744 612 751 645 :
773 611 835 649 non
859 610 914 649 tam

241 671 384 741 sollertia,
407 677 419 745 (
440 674 544 753 quippe
570 671 670 741 iisdem
698 671 807 731 artibus
829 673 915 731 vidus

242 751 310 829 est)
330 752 415 835 quim
437 752 523 813 dei1m
541 753 583 812 irai
599 756 631 813 in
648 774 709 813 rem
727 752 893 813 Romanam
904 798 917 823 ,

241 842 318 915 cujus
338 838 397 914 pari
418 837 505 895 exitio
520 836 633 918 viguit,
655 834 825 915 ceciditque.
850 834 919 895 Cor-

241 938 291 997 pus
309 917 351 976 illi
370 917 499 976 laborum
517 919 661 985 tolerans,
682 918 795 976 animus
807 916 917 977 audax:

242 1000 288 1057 sui
305 998 463 1081 obtegens,
486 994 515 1057 in
532 999 610 1058 alios·
623 999 791 1057 criminator
812 1022 819 1055 :
841 994 918 1076 jurt‘a

243 1079 369 1139 adulatio
392 1089 419 1139 δι
447 1078 575 1161 superbia
600 1103 607 1136 ι
629 1080 724 1159 palam
746 1082 922 1159 compositus

243 1160 355 1240 pudor,
385 1162 459 1221 intus
491 1182 602 1221 summa
633 1159 777 1239 apiscendi
805 1160 921 1231 libido,

243 1247 355 1323 ejusque
386 1240 467 1301 crusti
500 1240 589 1302 model
617 1242 734 1325 largitio
760 1250 790 1302 ὃ(
821 1242 921 1311 luxus,

243 1326 339 1403 saepius
356 1321 490 1383 industrie
504 1346 537 1384 ac
552 1324 721 1407 vigilantia,
740 1320 820 1383 haud
831 1322 925 1385 mimis

243 1408 352 1474 noxiae‚
365 1407 495 1485 quotiens
509 1405 634 1485 parando
645 1426 674 1463 re
716 1426 736 1465 o
747 1402 906 1487 fingunnru

284 1486 322 1545 ΙΙ.
342 1487 413 1545 Vim
435 1485 600 1567 praefeelurae
617 1426 764 1546 mediam
781 1506 869 1546 antea
884 1487 927 1545 in-

245 1568 354 1636 tendit,
372 1567 506 1647 dispersas
524 1589 572 1648 per
591 1568 689 1627 urbem
711 1564 844 1627 cohortes
868 1588 926 1629 una

245 1650 275 1707 in
301 1646 388 1709 castra
410 1648 597 1709 conducendo
609 1673 619 1720 3
643 1670 675 1709 ut
696 1650 781 1708 simul
804 1651 925 1729 imperia

244 1732 433 1812 acciperent,
464 1752 638 1813 numeroque
670 1740 697 1791 bc
728 1731 866 1802 robore,
898 1740 926 1791 dc

245 1812 307 1870 visu
338 1814 410 1873 inter
434 1832 482 1882 se,
513 1811 616 1873 fiducia
646 1814 733 1893 ipsis,
759 1814 790 1872 in
821 1832 928 1873 ceteros

190 1936 192 1941 .
246 1894 349 1954 metus*
369 1892 532 1955 crederetur.
566 1893 759 1955 Praetendebat
791 1894 929 1956 lascivire

246 1975 365 2035 militem
377 1979 512 2037 dillubium
525 2002 535 2036 .·
546 1978 575 2034 si
587 1978 655 2054 quid
664 1975 785 2036 subitum
799 1975 929 2054 ingruat,

246 2060 349 2137 majore
359 2059 468 2118 auxilio
474 2059 583 2133 pariter
588 2057 732 2118 subveniri
742 2081 752 2115 .·
765 2053 930 2117 &severitis

246 2146 385 2211 adiutos,
400 2142 428 2200 si
450 2142 556 2203 vallum
574 2140 714 2221 statuatur
729 2139 832 2213 procul
852 2138 930 2197 urbis·

248 2220 399 2280 inlecebris.
415 2223 459 2283 Ut
472 2220 594 2301 perfecta
609 2240 674 2281 sunt
686 2218 791 2291 castra,
802 2220 929 2359 inrepere

248 2303 396 2381 paullatim
421 2304 555 2363 militares
591 2305 734 2372 animos,
762 2301 855 2364 adeun
876 2323 896 2359 ο
915 2346 928 2371 ,

249 2382 419 2462 appellando
440 2406 448 2440 t
471 2386 556 2444 simul
574 2387 750 2446 cenmtiones
770 2404 804 2443 ac
829 2383 928 2443 tribu-

249 2477 302 2525 nos
316 2464 374 2544 ipse
387 2465 508 2551 deligere
523 2489 530 2524 t
546 2487 637 2551 neque
651 2468 794 2527 senatorio
816 2464 930 2525 ambitu

250 2544 430 2618 abstinebat,
463 2549 577 2610 clientes
604 2570 667 2608 snos
692 2545 850 2607 honoribus
879 2567 931 2607 aut

252 2631 402 2709 provinciis
419 2631 567 2700 ornando,
587 2629 666 2691 facili
681 2629 823 2698 Tiberio,
841 2647 930 2709 atque

252 2713 291 2770 ita
308 2732 419 2791 prono,
435 2732 466 2777 ut
483 2713 587 2771 socium
601 2712 740 2781 labomm,
759 2732 818 2771 non
836 2708 930 2768 modo

252 2792 283 2855 in
298 2794 489 2869 sermonibus,
504 2794 552 2854 sed
563 2792 636 2877 apud
648 2814 739 2876 patres
751 2800 778 2855 δι
791 2791 931 2875 populum
