2075 3659
243 237 314 302 262
368 230 407 298 C.
435 229 580 298 conii.
613 228 802 298 TAcrrr

242 351 362 412 velutin
378 350 492 410 annales
509 347 670 408 referebat:
690 349 821 428 ultroque
839 345 918 407 strue-

243 433 364 502 bantur,
384 434 437 512 qui
456 449 604 490 monerent
621 429 767 512 perfugere
791 430 830 488 ad
851 430 917 489 Ger·

243 516 346 573 maniae
360 515 509 584 exercitus,
527 513 573 570 vel
590 511 773 570 celeberrimo
790 509 849 569 fori
861 512 918 571 effi·

243 597 321 677 giem
348 593 407 653 divi
431 591 553 676 Augusti
579 592 732 672 amplecti,
766 593 918 672 populum·

242 698 298 756 que
319 696 503 735 serenatum
537 675 645 734 auxilio
678 693 790 732 vocare.
828 675 919 756 anue

242 777 333 837 spreta
352 755 390 816 ab
410 757 487 827 illis,
518 757 596 816 velut
619 774 772 835 pararent,
799 755 915 834 objicie-

242 837 353 897 bantur.

282 917 421 978 LXVIII.
440 918 527 978 Junio
547 917 661 987 Silano,
681 926 709 976 &
729 916 804 976 Silio
828 918 916 982 Nersa

207 1050 210 1056 .
242 999 324 1061 Coss.
356 999 465 1059 foedum
495 999 564 1058 anni
592 999 763 1077 principium
788 1001 915 1073 incessit,

241 1085 331 1140 tracto
348 1083 379 1140 in
392 1101 532 1140 carcerem
542 1077 649 1138 inlustri
660 1081 753 1159 equite
768 1079 916 1154 Romano,

240 1159 322 1221 Titio
343 1162 469 1234 Sabino,
484 1162 525 1220 ob
545 1162 702 1220 amicitiam
721 1161 889 1223 Germanici
908 1183 915 1220 r

240 1265 331 1325 neque
351 1245 576 1303 enimomiserat
590 1247 741 1324 conjugem
760 1243 915 1328 liberosque

239 1331 300 1404 ejus
321 1327 483 1405 percolere,
506 1327 626 1384 secietor
647 1323 746 1394 domi,
770 1330 915 1388 comesin

240 1408 374 1487 publico,
405 1404 467 1488 post
492 1424 539 1464 tot
565 1406 677 1465 clientes
703 1426 800 1476 unus3
831 1407 915 1490 coque

239 1488 315 1566 apud
340 1488 433 1548 bonos
453 1486 605 1558 laudatus,
631 1495 667 1546 &“
706 1489 781 1546 ravis
806 1490 914 1570 iniquis.

239 1567 336 1628 Hunc.
354 1571 482 1630 Latinius
507 1568 648 1640 Latiaris,
699 1571 792 1628 orcius
820 1571 915 1644 Cato,

238 1649 353 1711 Petilius
363 1649 472 1721 Rufus,
484 1649 530 1708 M.
545 1649 667 1728 Opsius,
682 1649 801 1728 praetura
811 1650 914 1726 funcii,

236 1731 465 1812 adgrediuntur,
497 1730 627 1810 cupidine
658 1730 849 1805 consulatfis3
883 1735 916 1798 ad

237 1833 325 1893 quem
358 1833 419 1872 nou
449 1813 504 1871 nisi
534 1833 582 1891 per
613 1811 748 1890 Sejanum
779 1814 875 1875 aditus
907 1841 915 1878 r

237 1915 330 1976 neque
356 1894 451 1970 Sejani
468 1895 620 1963 voluntas,
640 1895 695 1954 uisi
718 1895 822 1954 scelere
844 1919 915 1978 qux·

164 1983 170 1998 ⁴
236 1979 358 2037 rebatur.
376 1976 581 2055 Compositum
597 1976 672 2033 inter
692 1977 790 2054 ipsos,
811 1997 843 2038 ut
859 1981 914 2040 La·

236 2061 330 2130 tiaris,
343 2059 394 2141 qui
410 2056 526 2116 modico
544 2077 595 2116 usu
609 2055 746 2115 Sabinum
764 2061 913 2145 continge-

237 2139 309 2212 bat,
331 2139 583 2207 itinerariorum,
610 2139 693 2196 ceteri
716 2137 798 2198 testes
828 2143 911 2203 ades-

237 2240 299 2284 sent
334 2245 341 2277 z
372 2220 475 2280 deinde
509 2220 717 2278 accusationem
749 2222 909 2302 inciperent,

238 2303 328 2384 Igitur
342 2301 462 2360 Latiaris
473 2306 564 2380 jacere
579 2299 709 2360 fortuitos
722 2301 845 2380 primum
857 2327 910 2364 ser-

238 2404 338 2446 mones
359 2407 365 2438 :
388 2403 455 2440 mox
478 2382 592 2442 laudare
611 2378 798 2442 constantiam
813 2431 825 2456 ,
842 2388 912 2463 quad

238 2489 314 2535 non,
337 2482 367 2522 ut
395 2465 495 2534 ceteri,
513 2463 642 2545 florentis
665 2465 760 2522 demtis
783 2469 909 2539 amicus,

236 2549 374 2628 aaflrnam
386 2547 570 2606 desemisset:
583 2543 667 2604 simul
677 2540 786 2604 honora
796 2547 832 2606 de
841 2549 910 2609 Ger·

237 2631 373 2698 manico,
389 2628 587 2710 ,Agrippinam
618 2627 771 2696 miserans,
794 2629 911 2690 dissere-

238 2711 297 2772 bat.
312 2711 351 2772 Et
365 2707 512 2792 postquam
528 2708 664 2780 Sabinus,
682 2726 712 2768 ut
728 2727 793 2774 suut
810 2713 911 2776 moues
