2075 3659
253 300 669 393 :collectorem
757 301 794 371 ie

112 418 174 477 sine
189 434 257 477 nota
272 420 356 488 anni,
369 421 444 488 loci,
460 428 487 479 dc
500 416 689 503 typographi,
703 438 791 501 quam

113 511 213 572 Sarius
238 512 485 574 Mediolanensem
515 508 637 584 affecit,
670 534 791 595 eamque

111 603 243 665 Venetiis
269 608 418 687 repetitam
439 628 516 665 anno
541 620 630 680 1497.
649 608 727 667 Usus
751 604 791 667 est

111 700 200 757 etiam
223 699 394 759 Puteolanus
416 696 631 778 manuscriptis,
656 701 709 758 etsi
731 720 791 761 uon

112 789 314 873 usquequaque
335 792 442 862 bonis,
462 790 510 851 sed
528 809 625 851 nmen
645 794 790 876 egregiam

111 880 209 943 Taciti
226 884 305 943 libris
323 904 438 964 operam
456 885 580 944 navavit

109 1020 114 1025 ·
153 984 264 1044 Auno
284 1004 369 1059 1515.
391 968 540 1064 Philippus
555 984 707 1044 Beroaldus
721 983 788 1045 llo-

112 1099 167 1138 mae
183 1082 290 1159 primus
309 1078 397 1138 edidit
407 1098 421 1136 e
431 1080 518 1139 veteri
534 1080 585 1137 illo
601 1079 699 1138 codiee
712 1080 790 1142 Cor·

113 1174 220 1233 beiensi
243 1172 290 1233 sex
310 1175 414 1254 priores
433 1172 590 1233 Annalium
610 1174 721 1246 libros,
743 1196 791 1235 ce-

111 1272 177 1329 teris
206 1268 309 1329 additis
340 1290 373 1327 ex
401 1268 525 1327 editione
550 1268 706 1329 Puteolani.
735 1272 791 1331 Be·

109 1361 272 1422 roaldinam
298 1360 451 1421 editionem
475 1358 636 1419 Mediolani
658 1364 791 1440 expressit

110 1458 297 1517 Minucianus
315 1477 390 1517 anno
414 1474 500 1531 1517.
515 1461 543 1514 δι
555 1452 711 1513 Frobenius
727 1454 802 1515 Ba:

111 1550 186 1609 sileae
205 1552 281 1608 anno
302 1568 387 1623 1519.

152 1645 194 1705 Iu
218 1645 316 1706 eadem
340 1648 430 1718 ur'oe,
452 1654 479 1705 ὃ(
503 1664 538 1705 ex
556 1642 655 1705 eadem
675 1644 789 1707 officina

111 1738 291 1824 Frobeniana
308 1739 414 1820 prodiit
428 1760 506 1799 anno
524 1758 574 1813 153
584 1758 609 1812 3.
623 1733 741 1800 Tacitus
755 1761 790 1799 ex

110 1836 273 1895 recensione
291 1833 433 1895 Rhenani.
451 1830 529 1895 Usus
546 1831 586 1891 est
601 1831 722 1891 Budensi
738 1856 790 1893 co·

111 1931 194 2003 dice,
217 1952 302 2011 quem
321 1931 425 1989 librum
442 1972 451 1999 ,
468 1928 558 1998 licet,
576 1925 686 1986 Jacobo
706 1926 787 1987 Gro-
853 1980 856 1985 ,

110 2026 200 2083 novio
227 2021 319 2095 teste,
348 2039 488 2081 recentem
514 2028 543 2079 ὅ(
568 2016 767 2096 interpolatum
777 2020 797 2090 ,‘

110 2118 216 2177 Tacito
236 2113 366 2197 profuisse
385 2115 482 2196 negari
499 2132 559 2171 non
577 2106 675 2189 potest

151 2209 207 2269 Po
216 2230 228 2267 s
238 2230 258 2267 τ
274 2206 443 2267 Rhenanam
458 2206 570 2285 Lipsius
582 2202 679 2263 Taciti
691 2222 790 2265 recen·

108 2306 223 2365 sionem
242 2300 402 2387 aggreffm,
423 2303 463 2361 ite
483 2300 517 2360 de
539 2321 574 2358 eo
592 2301 707 2358 meritus
725 2296 790 2371 est,

110 2402 142 2457 iit
170 2400 229 2477 ejus
252 2396 401 2475 fhspitator
425 2391 529 2453 merito
556 2392 672 2453 dieattu.
702 2390 789 2453 Hunc

110 2496 257 2552 austorem
287 2492 375 2553 sexies
399 2490 487 2552 edidit
507 2513 516 2561 3
540 2498 567 2549 δι
593 2491 624 2548 in
650 2489 790 2569 prioribus

111 2584 229 2665 quidem
248 2583 417 2645 editionibus
437 2583 527 2642 multa
540 2581 719 2641 eVaticanis
734 2602 788 2640 co-

109 2678 222 2738 dicibus
253 2688 280 2739 &
308 2678 479 2737 farnesiano
506 2723 515 2749 ,
549 2694 597 2735 aut
622 2679 792 2757 conjetiuris

110 2774 274 2864 egetissimis
298 2818 308 2846 ‚
341 2773 458 2855 ingenio
473 2830 477 2837 ,
493 2772 595 2853 pariter
623 2779 666 2832 8(-
684 2771 792 2851 judicio

556 2900 559 2905 ’
610 2890 668 2934 av
