2075 3659
254 320 324 386 ²72
378 297 417 368 C.
444 301 591 370 Coau.
623 302 811 370 Trcrrr

253 421 422 481 Germanici
442 419 573 492 adnexa,
594 441 764 482 communes
789 433 936 506 pronepo-¹

253 521 297 561 tes
315 499 422 560 habuit.
443 502 600 562 Sandiitate
612 500 727 562 ‘domits
750 505 881 582 priscum
904 505 938 564 ad

254 604 384 654 morem,
401 585 492 642 comis
509 583 583 642 uitri
600 582 686 664 quim
708 587 838 665 antiquis
856 585 939 644 fenti-

254 668 300 724 nis
319 664 487 744 probatum,
509 685 601 724 mater
619 667 783 746 impotens,
806 687 883 726 uxor
899 665 942 726 fa-

254 747 335 817 cilis,
356 754 385 806 δι
406 767 471 806 cum
495 747 600 806 artibus
620 749 734 817 mariti,
754 748 940 808 simulatione

254 826 309 886 filii
323 828 396 887 bene
407 830 575 907 composita.
586 829 679 887 Funus
692 833 751 905 ejus
768 827 940 901 modicum,

256 908 454 968 testamentum
469 909 519 968 diu
534 911 649 968 inritum
668 908 723 968 fuit
741 931 748 964 ε
766 909 891 970 laudata
906 909 943 968 est

256 1011 309 1070 pro
330 989 424 1050 rostris
440 1014 458 1049 a
482 990 520 1051 C.
548 991 660 1050 Caesare
687 1009 870 1072 pronepote,
895 993 944 1074 qni

256 1091 328 1130 mor
343 1093 436 1130 rerum
448 1074 553 1152 potitus
564 1069 611 1132 est„
799 1131 803 1138 ,
910 1129 918 1140 ,,

297 1153 336 1211 Π.
353 1155 394 1211 At
408 1153 562 1224 Tiberius,
581 1151 660 1235 qudd
676 1155 815 1233 supremis
834 1156 868 1214 in
886 1173 944 1215 ma«

256 1252 330 1294 trem
345 1234 446 1294 officiis
463 1234 614 1307 defuisset,
633 1232 707 1294 nihil
725 1234 840 1296 mutati
856 1257 944 1297 amoe·

257 1318 348 1375 nitate
362 1318 449 1386 vitat,
469 1319 686 1396 magnitudinem
702 1319 880 1396 negotiorum
898 1339 944 1398 per

253 1397 363 1458 litteras
392 1401 533 1458 excusavit
558 1421 564 1456 :
590 1395 768 1479 honoresque
795 1401 945 1458 memoriae

258 1484 320 1557 ejus
339 1478 378 1537 ab
395 1497 493 1539 senatu
517 1479 596 1562 large
618 1479 766 1550 decretos,
789 1483 876 1560 quasi
898 1501 945 1560 per

257 1558 428 1619 modestiam
454 1563 629 1631 imminuit,
657 1563 754 1640 paucis
782 1560 944 1620 admodum

257 1643 392 1721 receptis,
413 1651 442 1702 dt
457 1642 557 1701 addito
578 1665 611 1700 ne
631 1643 744 1724 caelestis
769 1644 871 1721 religio
898 1646 943 1704 de-

257 1741 426 1794 cerneretur,
433 1725 476 1780 sic
485 1724 574 1796 ipsam
586 1724 735 1782 maluisse:
748 1725 820 1803 quin
829 1733 856 1783 dt
866 1743 945 1804 parte

258 1801 385 1880 ejusdem
403 1801 526 1881 epistolar
554 1805 690 1884 increpuit
713 1806 859 1864 amicitias
886 1827 943 1863 mu·

259 1884 374 1954 liebus,
392 1881 503 1942 Fufium
526 1885 670 1944 consulent
684 1885 802 1966 oblique
818 1884 944 1966 perstrin-

262 1984 361 2048 gens:
381 1968 404 2024 is
425 1965 517 2048 gratii
537 1964 669 2048 Augusta
692 1969 845 2039 floruerat,
863 1986 942 2047 aptus

260 2047 427 2106 adliciemlis
436 2046 607 2106 feminarum
620 2049 723 2107 animis
736 2072 743 2104 :
755 2047 840 2107 dicax
851 2048 941 2119 idem,

259 2136 289 2187 dt
306 2128 456 2188 Tiberium
478 2128 585 2188 acerbis
605 2127 713 2188 facetiis
728 2128 852 2188 'inridere
871 2131 941 2189 soli-

261 2225 327 2281 tus,
346 2231 464 2291 quarum
480 2209 555 2290 apud
571 2228 754 2291 praepotentes
774 2212 804 2270 in
822 2212 940 2294 longum

259 2293 400 2350 memoria
418 2289 465 2350 est

303 2370 357 2430 111.
373 2371 509 2432 Cetenim
527 2393 560 2432 ex
574 2393 610 2432 eo
624 2391 759 2454 praempta
775 2378 835 2452 jam
851 2381 877 2431 &
895 2393 940 2430 ur-

264 2472 334 2534 gens
355 2452 516 2513 dominatio
535 2479 541 2512 :
557 2476 625 2514 nam
643 2455 782 2514 incolumi
800 2450 940 2536 Augusti,

263 2553 324 2592 etat
341 2531 432 2593 adhuc
449 2534 629 2618 perfugium
646 2537 713 2616 quia
725 2535 848 2594 Tiberio
862 2536 942 2618 inve3

265 2625 384 2674 teratum
406 2635 473 2698 erga
494 2633 614 2676 matrem
639 2618 828 2698 obsequium,
851 2635 940 2695 neque

265 2697 382 2776 Sejanus
409 2697 532 2758 audebat
557 2699 717 2758 auctoritati
743 2698 864 2776 parentis
889 2718 945 2755 ans

266 2780 333 2838 teire
342 2803 349 2840 ι
358 2799 424 2844 tunc
431 2779 507 2843 velut
514 2777 600 2844 frenis
610 2779 727 2871 exsoluti
736 2795 918 2868 proruperunt
931 2797 940 2838 a
