2075 3659
245 322 315 384 260
368 315 405 383 C.
433 316 578 384 Couu.
610 315 807 388 TAcrrr

283 434 378 494 LXV.
402 432 490 493 Haud
511 431 595 492 fuerit
615 431 769 492 absurdum
796 429 912 490 tradere
923 443 934 502 ‚'

245 534 374 576 montem
396 535 460 574 eum
490 515 643 594 antiquitus
672 515 935 592 Querquetulanum

246 616 440 680 cognomento
458 594 561 666 fuisse,
585 589 662 675 qubd
682 594 747 652 talis
766 595 853 653 silvae
872 593 928 652 fre*

247 699 355 759 quens,
386 675 575 757 fecundusque
602 694 685 733 erat:
709 696 780 734 mox
812 678 929 736 Coelium

247 760 441 839 appellitatum
468 779 485 817 a
510 749 593 818 Coele
622 756 757 816 Vibenua
787 759 845 837 qui
878 756 931 816 dux

218 889 223 900 .
249 842 340 924 gentis
364 840 504 909 Etruscae,
527 855 615 919 quum
636 839 774 898 auxilium
800 839 928 918 appella-

250 941 312 980 tum
340 921 520 990 duuavisset,
545 919 638 979 sedem
662 940 725 978 eam
746 939 928 999 acceperata

248 997 409 1082 Tarquinio
434 1002 551 1071 Prisco,
573 1021 621 1060 seu
643 1002 705 1080 quis
731 1001 805 1060 alius
828 1022 926 1084 regum

249 1082 328 1142 dedit
347 1108 353 1140 ι
376 1103 443 1142 nam
467 1083 612 1162 scriptores
630 1082 660 1140 in
679 1101 714 1140 eo
732 1080 926 1147 dissentiunt:

248 1184 340 1224 cetera
366 1186 426 1224 uon
453 1163 589 1246 ambigua
615 1182 702 1233 sunt,
731 1184 855 1246 magnas
883 1183 927 1224 eas

250 1247 346 1322 copias
361 1267 408 1325 per
426 1245 508 1325 plana
527 1246 613 1303 etiam
632 1266 665 1302 ac
686 1242 750 1302 foro
768 1247 924 1326 propinqua

250 1319 405 1398 habitasse,
420 1327 492 1386 uode
513 1325 629 1386 Tuscum
643 1326 736 1387 uicum
753 1346 769 1384 e
786 1327 924 1386 vocabulo
1008 1336 1011 1347 '

251 1407 426 1486 advenarum¹
441 1409 557 1468 diuum.

294 1480 432 1549 LXVI.
460 1486 515 1550 Sed
543 1507 573 1548 ut
598 1485 687 1548 studia
713 1506 879 1570 procerum,
897 1500 922 1552 δι

252 1569 367 1653 largitio
377 1572 508 1652 principis
520 1569 666 1630 adversum
681 1592 778 1632 casum
796 1573 923 1636 solatium

253 1653 393 1725 tulerant3
407 1655 446 1712 ita
465 1671 657 1712 accusatorum
673 1659 764 1732 major
778 1657 810 1714 in
826 1653 885 1714 dies
899 1663 938 1728 u,

252 1729 381 1792 infestior
400 1735 442 1794 vis
461 1732 519 1795 sine
541 1729 702 1794 levamento
722 1736 921 1818 grassabatur:

180 1859 183 1866 ι
254 1817 477 1896 corripueratque
504 1817 616 1876 Varum
640 1817 832 1893 Quintilium
852 1817 920 1878 divi-

255 1914 333 1968 tem,
359 1906 386 1960 &
414 1895 521 1958 Caesari
545 1899 756 1978 propinquum,
782 1899 921 1960 Domitisu

255 1973 354 2049 Afer,
382 1976 510 2055 Claudiae
539 1973 690 2050 Pulchra,
719 1981 817 2042 matris
844 1987 921 2060 ejus,

256 2059 485 2130 condemnatum
510 2059 591 2118 nullo
611 2062 751 2132 mirante,
778 2059 858 2142 qubd
880 2062 922 2120 diu

258 2160 343 2200 tens
363 2149 390 2200 δι
414 2137 493 2222 pario
519 2161 606 2221 nuper
629 2144 743 2220 praemio
771 2143 846 2202 male
867 2164 922 2204 usus

254 2160 336 2362 llum
369 2220 406 2280 ad
433 2223 542 2305 flagitia
568 2223 766 2305 accingeretur.
797 2223 923 2286 Publium

256 2341 259 2344 -
288 2300 440 2362 olabellam
465 2305 575 2362 socium
605 2302 753 2364 delationis
777 2303 924 2378 exstitisse,

256 2381 394 2441 miraculo
415 2401 488 2454 erat,
514 2385 582 2465 quia
606 2385 685 2445 claris
711 2385 878 2465 majoribus,
898 2396 923 2448 δι
1005 2404 1006 2435 l

256 2461 337 2524 Varo
362 2485 522 2536 connexus,
547 2486 626 2526 suam
646 2467 703 2546 ipse
731 2467 923 2540 nobilitatem,

261 2565 342 2605 suum
368 2548 534 2630 sanguinem
561 2546 698 2626 perditum
722 2548 790 2608 ibat.
821 2547 922 2612 Restitit

259 2645 356 2686 tamen
378 2647 507 2700 senatus,
528 2637 555 2688 &
576 2627 763 2704 opperiendum
785 2631 921 2704 imperato·
1004 2691 1005 2710 ἶ

259 2728 315 2766 rem
329 2711 434 2769 censuit
447 2733 454 2765 :
470 2709 547 2790 quod
562 2730 650 2768 uuum
668 2712 828 2792 urgentium
843 2711 924 2776 mulo·

259 2807 321 2848 rum
338 2787 491 2874 suffugium
508 2793 540 2852 in
558 2808 666 2872 tempus
683 2810 749 2858 etat.
