2075 3659
174 288 420 365 Arruntium
444 296 530 365 Len.
555 297 626 365 HI.
685 302 755 385 ¹89
843 367 847 379 ,

71 411 310 490 pmdiberentur:
331 438 417 486 nunc,
438 416 515 475 detine
533 438 661 487 munere,
676 440 752 475 sum·

76 518 151 553 mum
168 496 327 575 pontificum
351 498 434 555 etiam
457 520 592 557 summum
615 497 756 557 hominnm

50 602 64 651 ρ
77 600 136 642 este
159 623 171 645 ,
202 598 255 634 non
282 578 476 649 aemulationi,
508 601 563 637 non
585 581 686 651 edio,
707 596 757 639 aut

72 657 200 733 privatis
220 654 413 735 aeffetiionibus
433 660 589 718 obnoxiant.

117 737 197 798 LIX.
225 737 363 799 Adversus
386 762 446 843 (pua
468 762 556 821 quum
577 762 666 825 augur
682 740 757 802 Leri-

77 819 150 901 tulus
164 864 176 887 ,
201 819 305 901 aliique
330 824 407 880 varie
432 821 620 893 dissererent,
642 818 677 881 ed
704 823 756 881 de-

79 920 189 958 cursum
212 898 276 971 est,
305 920 335 959 ret
350 904 492 981 pontificis
514 904 634 963 maximi
650 923 758 963 semen·

79 982 147 1039 tiam
158 983 352 1055 opperirentur.
365 983 495 1043 Tiberius
508 1030 517 1055 ,
535 984 622 1045 dilata
638 986 759 1045 notione

81 1060 113 1119 de
134 1068 193 1142 jure
211 1064 353 1135 flaminiS,
372 1065 494 1125 decretas
515 1067 554 1124 ob
576 1066 759 1127 tribuniciam

78 1142 163 1203 Drusi
185 1144 352 1225 potestatem
376 1148 548 1208 caerimonias
570 1151 758 1227 temperavit3

81 1226 253 1285 nominatim
273 1248 390 1310 arguens
402 1229 579 1287 insolentiam
597 1231 759 1301 sententie,

81 1330 226 1384 aureasque
248 1309 355 1367 litteras
383 1329 476 1369 cantra
497 1312 620 1383 patrium
644 1333 756 1371 morem.

80 1385 216 1449 Recitata
239 1398 266 1449 dt
294 1390 378 1449 Drusi
411 1388 554 1471 epistolar,
585 1413 761 1471 quamquam

81 1470 117 1528 ad
149 1468 321 1530 modestiam
354 1474 452 1543 flexa,
481 1492 532 1551 pro
559 1473 761 1551 superbissimis

81 1554 280 1633 accipiuntur:
301 1552 364 1611 Huc
383 1554 512 1613 recidisse
538 1560 651 1624 cancta,
675 1573 705 1613 ut
727 1578 760 1615 ne

76 1634 193 1713 juvenis
220 1636 350 1711 quidem,
384 1654 461 1693 tanto
494 1634 594 1693 horrore
631 1655 737 1710 accepto
748 1682 761 1708 ,

84 1717 170 1775 adiret
199 1716 273 1775 urbis
296 1718 382 1787 deos,
407 1718 590 1797 ingrederetur
611 1737 734 1777 senatum
747 1766 760 1790 ,

77 1798 208 1871 ,auspicia
217 1798 315 1857 saltem
323 1799 425 1877 gentile
437 1802 510 1873 apud
518 1801 606 1857 sulum
613 1800 761 1875 inciperet?

80 1878 195 1938 'Bellum
214 1880 339 1949 scilicet,
357 1900 404 1938 aut
420 1882 531 1942 diverso
549 1902 680 1939 terrarum
698 1884 760 1955 dise

86 1960 166 2021 tineri
185 2008 198 2031 ,
226 1962 322 2020 littora
349 1959 375 2021 de
399 1962 474 2021 lacus
504 1963 659 2036 Campania
682 1985 762 2038 quum

86 2043 206 2113 matrimi
221 2060 412 2123 peragrantem
433 2068 443 2100 :
466 2042 508 2101 sie
533 2042 619 2101 imbui
639 2051 764 2105 retiorem

84 2126 190 2201 generis
198 2124 312 2183 humani
328 2149 338 2182 .·
355 2125 387 2184 id
396 2126 517 2197 primum
531 2146 546 2181 e
558 2126 685 2197 paternis
696 2148 762 2183 eore-

87 2205 161 2265 siliis
192 2207 292 2265 discere
313 2231 323 2264 :
345 2205 412 2265 sani
428 2223 592 2285 gravaretur
611 2208 765 2279 adspee‘ium

88 2287 191 2346 civium
217 2310 300 2346 senex
330 2287 498 2360 imperator,
518 2287 676 2365 fissamque
696 2307 764 2348 ata·

89 2386 156 2439 tem,
177 2366 206 2427 dr
229 2374 301 2427 arios
322 2366 426 2429 labores
442 2370 617 2445 praecederet
639 2368 764 2433 :Druso

88 2454 177 2527 quod,
202 2451 261 2509 nisi
281 2472 315 2509 ex
329 2452 510 2531 adrogantia,
521 2451 764 2523 impedimentum?

128 2532 192 2591 LX.
206 2530 261 2592 Sed
272 2530 424 2601 Tiberius,
447 2532 506 2589 vim
527 2530 696 2611 principaris
709 2532 765 2591 sibi

91 2610 227 2685 firmans,
257 2614 413 2695 imaginem
446 2612 623 2692 antiquitatis
654 2614 765 2671 senatui

93 2695 263 2773 prebebat,
302 2693 441 2774 postulata
481 2695 688 2773 provinciarum
727 2692 766 2755 ad

46 2832 48 2836 .
93 2774 316 2863 disquisitionem
335 2796 447 2859 patrum
461 2773 612 2838 mittendo.
632 2774 764 2839 Crebres·
