2075 3659
480 197 486 244 ,l

246 302 422 365 Anum
442 284 557 367 ΜΝ
565 326 583 365 ο
599 318 665 367 m.
752 330 808 384 391

106 443 111 450 ›
172 409 202 465 6.
220 410 308 465 lana.
325 412 353 461 ln
369 412 421 479 pari
438 412 525 480 gradu

173 485 206 537 ll.
223 500 246 537 ι.
265 485 365 536 Fiducia
380 490 457 555 ipsis,
474 488 500 536 in
519 501 610 537 ceteros
625 502 700 537 merus
717 488 821 543 credere·

135 573 185 612 tur.
202 560 272 629 Lege
284 577 340 611 cunr
356 560 452 612 Savilio
464 576 593 624 araretur,
612 564 734 627 probante
751 562 822 631 Rye·

133 631 196 696 trio,
212 635 261 685 hoc
273 634 360 698 sensu,
375 647 402 685 ut
413 636 506 687 milites
515 636 562 703 ipsi
574 636 673 689 assiduo
686 636 821 702 conspeetu

132 726 187 760 suae
198 709 361 760 multitudinis
371 710 518 763 sudationes
534 710 627 771 essent,
641 710 666 761 ἃ
681 728 754 763 nerno
766 709 822 761 Ro·

132 800 182 833 rnae
193 798 233 833 res
241 800 319 834 novas
330 794 427 833 tentare
439 784 558 842 auderet.
570 800 645 851 quum
655 796 737 837 tentus
748 800 821 837 exet·

119 858 200 907 ritus
216 875 263 924 pro
280 859 358 909 salute
368 857 526 924 imperetoris
539 860 675 909 excubaret
689 861 721 911 ed
734 870 821 926 portes

131 933 213 982 urbis.

164 1021 200 1069 ›²-
223 1003 316 1055 Pr'o'srrl
330 1005 393 1056 urbis
413 1003 551 1059 inlecebris.
567 1006 644 1059 Valle
659 1006 755 1066 eleusi,
772 1021 820 1059 nte

131 1078 183 1147 jam
202 1096 247 1146 per
265 1080 354 1131 domos
372 1080 463 1131 citium
480 1081 594 1147 dispersi.

174 1170 200 1220 3.
210 1154 292 1220 Neque
302 1157 424 1207 senatorio
434 1153 524 1207 nubite
534 1152 674 1217 abstinebat.
684 1155 743 1209 Non
754 1170 819 1207 con·

132 1238 219 1278 tentus
230 1227 346 1279 castrensi
356 1229 508 1288 ambitione,
518 1241 649 1281 senatores
660 1247 761 1298 quoque
771 1248 821 1279 am·

131 1304 215 1363 bibat,
229 1301 327 1368 sibique
337 1303 485 1353 conciliabat
499 1303 541 1353 :in
557 1302 644 1356 senatu
658 1318 759 1371 quoque
772 1320 819 1357 vo·

131 1377 202 1427 lebat
211 1375 238 1426 se
249 1375 382 1443 gratiosum
394 1374 453 1426 elle.

171 1465 198 1511 4.
210 1451 265 1501 coli
275 1487 282 1503 .
292 1485 300 1500 .
311 1454 389 1501 ,inter
399 1453 528 1517 principia.
544 1449 651 1503 Adoreri
668 1450 735 1504 inter
750 1451 819 1519 signa

132 1522 249 1575 militaria
268 1542 324 1593 curn
345 1525 491 1592 imaginibus
511 1526 708 1591 imperatorum,
723 1543 777 1599 que
793 1527 819 1577 in

133 1599 261 1666 principiis
280 1598 413 1649 castrorum
424 1598 583 1649 servabantur
596 1616 602 1649 ε
614 1616 692 1665 porro
709 1616 738 1651 ea
749 1601 819 1667 signa

133 1673 332 1741 pronominibus
347 1675 474 1741 legionum
486 1674 649 1735 habebantur.
667 1674 733 1727 Vide
746 1673 816 1727 Ann.
836 1708 839 1716 ·

135 1763 171 1809 2,
195 1764 205 1799 r
229 1783 237 1798 .
404 1769 406 1773 ’

172 1762 228 1873 ΙΙΙ.7
230 1838 254 1874 1.
269 1811 418 1873 Anniculus.
433 1821 521 1891 Major
536 1824 683 1877 avunculus.
701 1820 768 1873 Vide
787 1822 819 1875 ed

133 1902 202 1949 Ann.
224 1914 259 1960 2,
274 1914 318 1961 27·

173 1988 197 2022 e.
210 1971 359 2037 Municipeli
370 1969 488 2019 adultero.
505 1968 559 2032 Qui
570 1984 602 2019 ne
617 1969 715 2036 quidem
725 1968 819 2023 Rome-

135 2062 182 2098 nus
196 2044 258 2095 elset
268 2045 365 2111 origine
376 2078 384 2103 ,
395 2056 467 2095 natus
478 2043 600 2096 Vulsiniis
611 2043 715 2095 Etruriae
728 2045 801 2097 urbe.

172 2120 219 2169 lV.
245 2131 270 2167 1.
294 2116 353 2189 ραι
369 2116 443 2180 fiatri
462 2115 513 2182 ep'ns
535 2116 637 2171 Neroni.
661 2118 728 2172 Vide
750 2117 819 2174 Ann.

170 2230 176 2254 r
199 2205 243 2254 29·
656 2216 661 2229 ¹
882 2254 885 2261 ,

140 2206 155 2261 ³
174 2282 203 2317 2.
213 2262 313 2337 Quanti>
322 2268 356 2315 sit
369 2264 487 2335 angustiis
498 2268 665 2333 imperitatum.
681 2266 743 2318 Nam
756 2266 821 2321 Tra·

134 2337 221 2408 janus,
239 2355 312 2407 quem
331 2339 373 2391 hic
391 2339 493 2408 obliqui
513 2342 596 2393 laudat
614 2342 738 2410 scriptor,
755 2340 818 2393 fines

134 2415 234 2482 imperii
251 2426 422 2480 promoverat.

171 2490 209 2540 V.
230 2504 254 2539 ι.
271 2488 440 2541 Presideiant.
453 2489 493 2541 sic
507 2490 573 2541 Ann.
590 2504 622 2557 3,
639 2508 685 2560 29·
700 2490 819 2545 Velleius

132 2568 269 2632 proximum
289 2567 414 2613 exercitum
428 2563 577 2630 presidebat.

128 2675 131 2683 .
173 2653 198 2689 2.
211 2635 360 2690 Perdomita.
374 2638 413 2687 Ab
425 2638 552 2705 Augusto,
567 2639 609 2706 qui
621 2636 762 2690 Cantabros
774 2637 818 2687 de·

139 2729 205 2762 rnurn
224 2710 360 2762 &Astures
375 2712 476 2761 devicit.

171 2802 199 2857 3.
214 2782 330 2839 Perdunt
348 2786 451 2859 legiones
467 2786 541 2842 Nona
560 2786 627 2837 enirn
639 2787 707 2856 legio
724 2802 739 2837 e
756 2784 820 2852 l’an·⁸

581 2856 659 2923 Rrv
