2075 3659
235 260 483 331 Annnrwn
507 263 592 331 ιιι.
617 259 648 330 Ι.
741 279 784 353 59

102 382 295 463 complerent·
288 424 298 453 ,
312 381 386 461 apud
398 382 546 441 Romanos
555 380 691 441 invalidi
684 402 783 465 ignes,

101 468 265 545 interruptae
281 484 385 533 voces,
406 484 491 544 atque
511 466 564 543 ipsi
584 466 686 558 passim
704 465 786 543 adja-

101 568 198 607 cerent
214 546 309 614 vallo,
329 545 491 605 oberrarent
511 547 657 615 tentoriis,
675 549 785 605 insom-

101 650 151 689 nes
178 630 272 706 magis
299 625 385 708 quim
411 629 597 709 pervigiles:
626 592 784 709 ιιιιεειιιιιιιο

101 712 201 771 tenuit
221 692 281 768 dira
300 711 405 789 quies:
399 728 492 767 ,ιιιιιι
511 709 700 785 Quinctilium
720 711 786 770 Va·

100 813 166 850 rum
179 793 318 875 sanguine
331 791 475 860 oblitum,
490 800 518 850 ιιι
536 791 685 883 paludibus
696 812 786 851 emer

101 894 197 943 sum,
229 894 339 933 cernere
363 881 391 931 δι
408 836 503 931 audire
525 874 600 933 visus
629 870 686 943 est,
706 874 785 936 velut

101 976 275 1025 vocantem,
294 973 466 1013 nontamen
486 953 655 1024 obsecutus,
672 964 700 1015 δι
723 976 785 1016 rna·

103 1058 175 1096 num
210 1000 382 1097 intendentis
409 1037 547 1115 repulisse.
585 1036 691 1116 Coepta
720 1038 784 1097 luce

102 1119 194 1177 missae
213 1121 243 1177 in
261 1119 348 1178 latera
366 1118 491 1200 legiones
512 1138 611 1188 metu,
632 1140 670 1177 an
684 1138 785 1179 conns-

103 1200 219 1271 urscia,
244 1200 338 1259 locum
364 1200 525 1269 deseruere,
555 1201 639 1279 c'apto
666 1203 783 1279 propere

102 1302 231 1361 campo,
267 1279 412 1341 humentia
437 1282 519 1341 ultra.
550 1282 652 1374 Neque
684 1302 782 1345 tamen

103 1362 271 1431 Arminius,
290 1382 465 1443 quamquam
481 1362 594 1420 libero
587 1382 715 1432 incursu,
731 1362 785 1423 sta·

103 1448 160 1507 tim
178 1446 330 1525 prorupit:
323 1444 396 1503 sed
418 1464 450 1504 ut
469 1442 569 1503 haesere
589 1464 672 1503 cerno
692 1443 785 1507 fossis·

104 1548 160 1608 que
174 1527 401 1621 impedimenta,
416 1526 559 1586 turbati
536 1525 639 1584 circum
657 1527 781 1598 milites,

104 1610 226 1669 incertus
239 1610 386 1701 signorum
397 1607 488 1677 ordo,
504 1627 591 1688 utque
604 1609 676 1667 teli'
669 1629 698 1667 ιιι
709 1629 785 1669 tem

105 1710 192 1771 pore,
213 1674 273 1749 sibi
281 1692 398 1784 quisque
421 1710 569 1784 properus,
587 1700 613 1750 &
634 1692 715 1751 lentae
730 1692 783 1751 ud-

105 1794 216 1832 versum
229 1773 348 1851 imperia
367 1792 462 1841 aures,
483 1773 634 1852 irrumpere
654 1774 781 1833 Germa-

104 1876 158 1913 nos
169 1854 266 1933 jubet,
281 1854 445 1923 clamitans,
459 1854 503 1913 En
522 1854 635 1923 Varus,
650 1851 678 1914 d*
692 1860 783 1915 eodem

105 1936 205 1995 iterum
213 1937 278 2012 fato
292 1936 370 1994 villu
387 1937 526 2014 legiones‘
547 1935 639 1994 Simul
658 1932 737 2004 haec,
756 1944 786 1997 dc

105 2038 172 2075 eunt
192 2017 304 2077 delediis
319 2016 423 2079 scindit
436 2038 560 2098 agmen,
575 2018 707 2109 equisque
721 2035 785 2075 nra-

105 2098 183 2157 xime
199 2098 335 2157 vulnera
328 2101 457 2180 ingerit:
451 2098 520 2155 .illi
535 2098 681 2191 sanguine
690 2118 742 2156 suo
756 2106 785 2157 δι

105 2179 217 2238 lubrico
236 2178 371 2259 paludum
395 2180 553 2258 lapsantes,
578 2179 696 2238 excussis
719 2201 782 2237 tec-

106 2261 234 2330 toribus,
265 2261 389 2339 disjicere
417 2260 540 2329 obvios,
569 2279 704 2340 proterere
735 2267 782 2341 ja-

105 2364 229 2403 centes:
248 2342 420 2422 plurimus
397 2364 469 2403 crrca
488 2344 595 2424 aquilas
607 2344 728 2414 uuor,
721 2366 785 2425 quae

105 2446 197 2506 neque
211 2424 356 2485 adversum
371 2422 455 2485 fetri
448 2427 606 2509 ingruentia
624 2426 705 2515 ten,
726 2447 781 2484 ne-

104 2528 161 2589 que
187 2504 239 2589 figi
261 2507 362 2567 limosa
388 2504 477 2565 humo
504 2524 642 2586 poterant.
664 2498 786 2567 Caecina

105 2588 176 2647 dum
197 2572 330 2648 sustentat
349 2591 463 2658 aciem,
490 2584 608 2648 suffosso
627 2606 704 2683 equo
729 2587 782 2644 de-

105 2671 200 2749 lapsus
224 2670 515 2739 circumveniebatur,
541 2670 572 2728 ni
594 2672 683 2747 prima
708 2668 786 2750 legio

105 2772 164 2811 sese
191 2753 392 2833 opposuisset:
409 2753 481 2832 juvit
499 2740 659 2893 ιιοιιιιιὲι
641 2748 785 2825 aviditas,

633 2838 661 2915 Vl
