2075 3659
266 296 336 382 298
390 293 427 362 C.
456 294 603 362 Corru.
636 293 828 360 TAcrrr

267 433 383 492 corpore
394 411 511 482 valido,
529 433 576 492 per
587 413 651 472 avia
669 433 702 470 ac
722 410 837 490 derupta
859 415 943 481 (nan

265 495 340 557 taxis
353 493 454 553 domus
467 493 621 567 imminet)
638 491 754 572 praeibat
768 513 858 563 eum,
872 499 942 572 cujus

267 594 356 634 artem
379 576 496 653 experiri
516 573 649 634 Tiberius
672 571 811 632 statuisset
822 596 833 643 3
859 582 885 634 δι
908 596 943 634 re·

268 656 462 741 gredientem,
476 658 500 716 si
516 655 650 716 vanitatis
667 674 714 714 aut
733 652 869 714 fraudum
890 677 945 716 sus<

268 739 344 818 picio
367 738 536 806 incesserat,
555 738 584 796 in
602 735 758 816 subjedlrun
780 756 862 798 mare
885 758 944 874 pre*

269 818 421 898 eipirabat,
442 840 478 878 ne
498 817 584 878 index
603 819 698 878 arcam
717 813 868 876 exsisteret.
902 819 942 900 gi·
1004 847 1008 862 =

268 920 315 960 tur
339 897 503 980 Thrasyllus
529 899 628 960 iisdem
656 898 770 978 rupibus
794 898 944 968 inductus,

268 979 418 1062 postquam
454 983 680 1061 percunctantem
721 999 944 1050 commoverat,

268 1063 412 1136 imperium
433 1063 506 1141 ipsi,
530 1072 557 1122 δι
579 1061 671 1122 futura
692 1059 819 1120 sollerter
840 1059 943 1139 patefa-

269 1145 363 1214 ciens,
383 1147 587 1226 interrogatur,
610 1165 646 1202 an
664 1163 751 1206 ,suam
778 1164 881 1218 quoque
899 1165 942 1221 ge-

268 1226 384 1288 nitalem
399 1223 494 1284 lteram
508 1224 683 1298 comperisset
699 1248 709 1281 :
727 1245 806 1299 quem
824 1242 884 1282 tum
899 1247 944 1282 arr·

269 1329 358 1377 num,
381 1307 487 1384 qualem
511 1307 583 1364 diem
605 1303 742 1362 haberet?
768 1303 821 1362 llle
843 1306 945 1382 positus

268 1388 406 1459 siderum,
429 1408 462 1447 ac
483 1388 572 1465 spatia
593 1385 752 1455 dimmnn,
771 1380 876 1444 haerere
897 1387 946 1465 pri·

268 1467 337 1540 rud,
359 1469 425 1530 dein
443 1488 608 1548 pavescere,
623 1476 669 1537 δι,
691 1484 833 1546 quantum
852 1467 945 1526 intros-

268 1554 395 1632 piceret,
424 1551 516 1633 magis
540 1571 573 1609 ac
591 1550 683 1630 magis
702 1546 826 1625 trepidus
849 1545 944 1608 admi-

268 1634 384 1692 rationis
417 1641 445 1692 &
476 1628 586 1701 merlis,
613 1625 754 1710 postremd
785 1627 945 1702 exclamat,

268 1713 422 1791 ambiguum
437 1713 495 1772 sibi
511 1735 544 1772 ac
553 1712 637 1788 prope
651 1711 778 1772 ultimum
799 1711 944 1772 discrima

268 1795 376 1876 inflare.
402 1792 480 1852 Turn
509 1793 669 1872 complexus
693 1813 757 1852 eum
789 1789 946 1864 Tiberius,

263 1877 408 1954 prusciam
425 1876 607 1949 periculorum
621 1922 633 1944 ,
657 1871 683 1934 ὅ*
706 1874 869 1934 iucolwnem
883 1874 945 1952 forr

269 1978 414 2041 gratarum
441 1977 558 2038 quaeque
585 1955 713 2025 dixerat,
747 1956 856 2016 oraculi
885 1957 947 2016 vice

268 2041 423 2120 accipiens,
433 2039 505 2097 inter
515 2039 631 2098 intimos
641 2038 798 2098 amicorum
812 2055 897 2096 tenet.

309 2120 406 2181 XXII.
424 2120 480 2180 Sed
496 2115 571 2178 mibi
586 2117 645 2178 haec
663 2139 696 2178 ac
711 2117 781 2180 talia
799 2117 946 2190 audienti,

268 2203 300 2262 in
320 2203 427 2272 incerto
447 2201 584 2280 Judiciunr
605 2195 663 2271 est,
686 2197 783 2258 fatone
805 2220 849 2260 res
867 2220 948 2262 mne

269 2282 393 2354 talium
425 2291 454 2341 δι
484 2283 646 2342 necessitate
673 2280 874 2352 immutabili,
907 2303 945 2342 an

269 2362 342 2423 fone
373 2363 523 2422 volvantur
556 2387 566 2422 ι
593 2363 697 2444 quippe
723 2363 946 2441 sapientissimos

268 2464 413 2517 veterum,
435 2447 540 2526 quique
561 2447 665 2506 sudam
689 2465 786 2504 eorum
806 2443 947 2504 aemulan⁴

269 2545 333 2597 tur,
353 2525 474 2586 diversos
496 2528 634 2607 reperies,
658 2547 691 2586 ac
711 2525 806 2584 multis
826 2525 945 2586 insitam

268 2609 454 2689 opinionem,
473 2631 528 2668 non
548 2609 633 2667 iniria
649 2607 732 2688 nostri
741 2653 753 2676 ,
770 2628 826 2666 non
835 2607 946 2684 finem,

268 2713 324 2750 uon
343 2693 454 2768 denr'poe
471 2691 593 2750 homines
615 2690 671 2750 diis
688 2709 755 2747 cum
776 2711 786 2745 .·
804 2687 865 2746 ideo
886 2709 942 2745 cre-

265 2771 383 2838 berrim
403 2773 493 2860 tristia
523 2773 555 2834 in
583 2771 667 2834 &aas
684 2815 701 2844 ,
723 2765 750 2832 fs
770 2769 835 2832 lara
868 2769 944 2844 apud
