2075 3659
267 92 287 135 Ι

273 306 341 366 126
394 298 431 365 C.
460 299 608 369 contr.
641 300 829 367 Tncrrr

269 420 321 477 bus
341 442 349 475 :
368 438 457 500 quum
478 420 548 479 alter
573 417 733 487 facilitate,
758 418 831 477 alter
853 416 964 478 fraude

269 504 369 561 cundia
392 502 464 560 inter
490 522 519 559 se
541 500 747 569 concederent,
771 501 960 578 acciperent-

268 603 334 723 pue.
353 579 540 661 Rhescuporis
560 581 732 650 sanclendo,
752 601 783 642 ut
806 581 962 653 distabat,

282 662 370 722 oederi
396 666 561 723 convivium
590 664 713 741 adjicit3
742 663 891 743 tractique
926 667 961 724 in

270 747 391 805 multam
405 749 520 805 nostem
537 744 653 813 latitia,
673 765 721 824 per
734 746 830 824 epulas
850 766 887 803 ac
906 748 957 805 vi·

269 828 428 886 nolentiam
444 829 590 887 incautum
611 826 730 905 Cotyn,
754 824 958 907 &postquam

270 908 371 967 dolum
392 910 583 978 intellexerat,
607 930 688 967 sacra
711 909 806 985 regni,
832 910 960 989 ejusdem
989 954 993 964 .

263 991 389 1069 familia
405 995 492 1060 deos,
511 988 538 1050 θ
558 990 708 1064 hospitalis
730 1012 840 1048 mensas
859 989 959 1052 obtes-

273 1089 383 1131 tantem
392 1118 404 1141 ,
418 1074 525 1132 catenis
538 1091 637 1131 onerat
653 1094 659 1127 :
673 1068 855 1151 Thraciaque
871 1077 958 1132 omni

213 1190 216 1193 -
271 1154 395 1232 potitus,
409 1155 519 1234 scripsit
536 1153 572 1213 ad
587 1152 752 1223 Tiberium,
763 1154 881 1233 strictius
898 1155 959 1213 sibi

271 1235 415 1304 ittsidt'as,
433 1253 602 1309 proventum
625 1235 818 1295 insidiatorem
844 1236 958 1297 :simul

273 1315 382 1391 bellum
393 1316 524 1377 adversus
535 1314 681 1375 Bastarnas
692 1311 867 1397 Scythasque
880 1338 956 1395 prat-

273 1397 411 1467 tendens,
429 1400 512 1459 novis
527 1397 655 1479 peditum
674 1406 702 1459 δι
719 1398 848 1481 equitum
865 1402 958 1480 copiis

272 1500 331 1539 sese
347 1478 490 1541 firmabat.

315 1562 424 1622 LXVI.
454 1560 586 1621 Molliter
610 1562 773 1640 rescriptum
791 1608 804 1631 ,
826 1562 857 1633 si
870 1562 958 1639 frcttu

274 1642 402 1714 abesset,
416 1666 499 1717 posse
511 1666 572 1701 tum
588 1644 748 1701 innocttttiae
754 1644 843 1721 fidere
858 1666 868 1700 .·
885 1663 958 1703 cett·
1036 1688 1037 1703 t

275 1722 335 1782 ritm
349 1746 431 1801 neque
446 1748 477 1783 se
485 1765 496 1795 ,
514 1746 596 1801 neque
611 1742 754 1793 senatum,
768 1725 829 1783 nisi
846 1728 959 1803 cogniti

275 1807 360 1865 causti
368 1852 381 1876 ,
385 1807 437 1885 jus
455 1803 481 1867 ἃ
496 1806 629 1886 injuriam
643 1807 807 1865 discreturus
818 1829 829 1864 .-
839 1807 960 1879 proinde

274 1888 379 1947 tradito
389 1889 593 1968 Corycutniret,
601 1887 809 1965 transfirretque
815 1888 960 1947 invidiam

274 1969 414 2030 criminis.
432 1971 488 2030 Eas
501 1970 608 2031 litteras
624 1970 753 2029 Latinius
767 1968 880 2028 Pandus
893 1990 962 2049 pro‹

274 2071 376 2133 praetor
395 2052 526 2121 Muttine,
545 2072 609 2109 cum
627 2050 764 2110 militibus
782 2051 845 2131 quis
863 2050 960 2132 Cotys

277 2129 431 2194 traderetur
444 2180 456 2204 ,
480 2135 511 2193 in
534 2130 689 2193 Thraciam
714 2133 792 2191 misit
818 2154 825 2190 :
850 2130 960 2193 Rescu-

275 2217 353 2295 poris
370 2217 443 2275 inter
460 2235 570 2275 metum
586 2222 613 2275 &
629 2214 700 2273 itam
716 2216 879 2284 cuneatus,
896 2236 960 2274 ma-

276 2294 331 2355 luit
351 2297 477 2376 patrati,
497 2294 584 2376 quim
601 2296 729 2375 incepti,
748 2294 884 2354 facinoris
897 2318 961 2357 reus

277 2394 336 2435 esse
351 2399 358 2433 r
373 2378 460 2435 occidi
477 2381 563 2457 Cotyn
576 2376 672 2456 jubet,
687 2396 848 2453 mortemque
862 2396 962 2451 sponte

277 2477 414 2533 sumptam
427 2461 587 2520 ementitur.
600 2458 662 2517 Nec
675 2478 771 2519 tamen
782 2458 880 2518 Caesar
892 2461 958 2538 pla-

277 2540 349 2599 citas
377 2541 465 2602 'semel
488 2561 560 2601 artes
585 2540 725 2611 mutavit,
745 2539 793 2599 secl
822 2539 962 2600 defuncio

277 2618 399 2692 Pando,
423 2643 508 2705 quem
530 2622 584 2681 sibi
606 2619 747 2680 infensum
769 2618 961 2701 Rhescuporis

278 2704 441 2785 arguebat,
464 2705 656 2784 Pomponium
679 2702 811 2765 Flaccum
832 2724 961 2765 veterem

278 2782 447 2865 stipendiis,
476 2795 503 2848 δι
533 2783 593 2848 artri
624 2804 688 2858 cum
712 2806 777 2873 tege
804 2784 960 2857 amicitii,
