2075 3659
176 311 428 384 AuttArttftt
452 310 538 382 Lis.
564 309 634 383 IV.
682 319 758 405 167

61 440 134 518 §am
152 433 259 497 castelli
276 433 406 504 obsidio,
419 441 447 494 δι
461 432 497 492 ad
510 453 559 493 sua
577 435 694 496 tutanda
711 437 759 496 di·

65 521 177 602 gressis
193 517 352 576 rebellibus.
376 515 466 597 Igitur
484 517 613 595 proxima
631 516 756 580 aestuatia

64 597 229 685 aggeribus
254 607 283 658 δι
323 599 459 666 nribus,
486 597 658 657 traducendo
685 619 754 681 gra-

65 683 150 742 viori
160 681 291 764 agmini,
337 697 413 738 mat:
424 697 509 758 atque
519 680 631 738 interim
644 684 759 759 repertis

67 763 176 832 vadis,
195 762 271 822 alam
290 758 512 830 Caninefatetn,
532 769 559 822 δι
580 761 658 842 quod
677 763 757 840 pedi·

69 863 138 906 tum
159 843 371 904 Germanorum
392 843 465 900 inter
486 839 595 902 nostros
611 844 758 916 merebat,

67 923 269 1007 circtuugredi
283 943 362 1008 terga
380 920 503 982 hostium
517 923 597 1001 jubet
611 949 617 981 ι
632 926 682 1006 qui
697 931 757 1004 jam

69 1009 138 1068 acie
169 1007 319 1085 compositi
346 1005 455 1086 pellunt·
482 1023 588 1066 nurnas
614 1007 759 1080 sociales,

70 1092 242 1170 equitesque
252 1088 278 1146 le
299 1089 399 1147 ionum
416 1086 541 1148 subsidio
558 1089 664 1149 missos.
678 1088 758 1150 Tum

73 1190 133 1232 tres
152 1171 228 1229 leves
247 1107 376 1230 cobones
391 1215 400 1241 ,
418 1191 451 1228 ac
468 1188 576 1230 tursum
594 1169 675 1240 duae3
691 1171 758 1232 dein

71 1270 207 1332 tempore
226 1252 391 1328 interjecto,
417 1251 518 1310 alarius
539 1271 622 1330 eques
641 1253 757 1312 immis-

73 1355 124 1396 sus
139 1357 146 1389 ε
162 1333 228 1391 satis
241 1332 349 1403 validi,
358 1333 384 1392 si
393 1332 477 1390 simul
490 1332 696 1392 incubuissent:
710 1353 760 1413 per

70 1414 260 1480 ,intervallum
280 1412 463 1474 adventantes
482 1457 492 1482 ‚
510 1433 602 1494 neque
623 1413 758 1474 constan·

74 1499 153 1556 tiam
179 1493 347 1556 addiderant
368 1495 508 1564 turbatis,
534 1502 561 1554 &
586 1515 689 1574 pavore
714 1494 760 1555 fu-

74 1580 221 1722 pientium
237 1576 442 1636 auferebantur.
460 1571 594 1659 Cethego
611 1577 761 1649 Labeoni,

92 1679 180 1742 egato
208 1661 314 1741 quintae
339 1659 488 1742 legionis,
514 1656 593 1738 quod
620 1659 760 1740 reliquum

71 1741 252 1802 auxilionun
259 1787 268 1811 ,
276 1739 378 1801 tradit.-
389 1759 472 1822 atque
480 1739 527 1798 ille
534 1739 636 1810 ,dubia
646 1763 760 1802 suorum

70 1843 131 1894 re,
152 1824 183 1881 in
204 1843 304 1904 anceps
318 1826 439 1894 nudius,
458 1823 549 1882 missis
566 1824 686 1895 nuntiis,
699 1825 761 1884 vim

72 1906 232 1987 legionum
253 1904 451 1984 implorabat:
473 1923 657 1982 prorumpunt
675 1906 761 1984 quin-

45 2020 49 2026 -
81 1988 147 2045 tani
158 2004 223 2044 ante
235 1986 323 2057 alios,
338 1995 366 2046 δε
385 1985 444 2044 acri
459 2004 556 2066 pugna
568 1981 648 2042 ltoste
662 1985 761 2064 pulso,

80 2068 223 2147 recipiunt
241 2063 365 2125 cohortis
379 2067 512 2145 alasque,
535 2063 619 2124 fessas
638 2066 763 2128 vulneri·

82 2147 147 2208 bus.
168 2148 215 2208 Ne
237 2168 271 2205 ue
294 2145 352 2205 dux
365 2147 514 2206 Romanus
532 2145 622 2204 ultum
642 2148 693 2217 iit,
714 2165 762 2207 atu

80 2249 205 2310 corpora
216 2169 366 2298 bumaria
385 2247 560 2308 quamquem
578 2227 660 2286 tnulri
676 2229 763 2290 tribu-

81 2331 189 2372 norum
208 2307 477 2391 praefectorumque,
496 2319 523 2370 &
545 2310 668 2393 insignes
689 2332 759 2372 cen·

81 2394 210 2453 terriones
240 2391 409 2452 cecidissent.
436 2393 509 2452 Mox
541 2413 715 2473 compertum
745 2417 762 2454 a

74 2473 262 2558 transfugis,
286 2493 447 2556 nongentos
470 2475 668 2533 Romanorum
688 2473 764 2554 apud

83 2557 203 2624 lucum,
226 2576 311 2635 quem
331 2554 504 2614 Baduhennae
523 2573 647 2624 vocant,
668 2555 764 2637 pugni

83 2641 120 2697 in
134 2634 272 2716 posterum
285 2635 426 2707 extradii,
446 2635 593 2695 confectos
608 2657 615 2690 ε
630 2644 657 2696 &
676 2633 763 2696 aliam

86 2718 358 2801 quadringentorum
370 2737 503 2790 manum,
515 2715 653 2795 occupati
663 2717 761 2797 Crup-

85 2795 763 2939 toricisquondamstipendiatiivilffi,postquam

622 2901 642 2960 ¹l
