2075 3659
253 271 319 335 128
376 266 413 333 C.
443 266 588 335 CORN.
620 266 808 332 TACJTJ

250 388 416 468 pernicitate
428 387 495 466 equi
509 383 546 443 ad
557 391 673 443 amnem
685 383 841 463 Pyramum
858 384 946 445 con's

255 466 364 537 tendit,
382 472 460 547 cujus
476 484 577 546 pontes
590 465 692 524 accolae
706 485 860 543 ruperant,
881 490 943 526 au-

251 548 314 609 diti
340 550 414 630 regis
432 546 533 629 'fugi;
561 566 652 627 neque
684 545 760 605 vado
791 551 943 626 penetrari

252 648 373 711 poterat.
391 630 482 713 Igitur
499 630 530 687 in
547 630 607 709 ripa
628 628 774 697 fluminis,
790 646 815 686 ¹a
838 629 946 689 Vibio

251 712 398 773 Frontone
409 708 540 791 praefecio
553 710 681 791 equitum
696 710 818 769 vincitur
839 733 845 765 :
866 732 943 771 mox

251 791 402 853 Remmius
430 811 561 851 evocatus
588 792 673 870 priori
686 796 688 801 '
702 788 832 849 custodiae
859 795 945 875 regis

253 874 429 953 adpositus,
455 874 535 953 quasi
565 892 612 951 per
639 874 711 930 iram
738 870 836 954 gladio
868 894 942 933 eum

254 957 387 1038 transigit
412 952 512 1015 tunde
535 958 627 1029 major
647 950 715 1011 fides
720 998 734 1030 θ
760 955 943 1014 conscientia

253 1036 381 1105 sceleris,
404 1045 431 1095 δι
445 1034 524 1096 metu
543 1033 657 1105 indicii,
672 1054 794 1095 mortem
812 1035 943 1096 Vononi

254 1118 386 1177 inlatam.

297 1196 433 1257 LXIX.
457 1196 499 1256 At
522 1194 707 1257 Germanicus
728 1196 861 1280 AEgypto
888 1220 939 1257 re-

255 1299 373 1349 means,
395 1282 494 1338 cundia
513 1300 574 1360 quae
588 1276 662 1359 apud
677 1278 803 1359 legiones
820 1299 869 1339 aut
886 1301 939 1339 ur·

255 1360 306 1421 bes
327 1366 465 1442 jusserat,
485 1360 614 1431 abolita,
637 1359 682 1421 vel
707 1362 737 1418 in
762 1362 941 1421 contrarium
1027 1428 1028 1439 p

255 1463 334 1503 versa
353 1443 500 1525 cognoscit
524 1466 531 1499 ι
551 1440 617 1500 hinc
637 1462 733 1523 graves
751 1443 782 1500 in
801 1442 942 1502 Pisonem
1027 1464 1028 1483 ¹

253 1526 455 1593 contumeliae,
480 1545 531 1582 nec
565 1520 657 1581 mimis
685 1522 784 1583 acerba
810 1545 873 1603 quae
903 1524 941 1583 ab

188 1624 192 1630 ·
255 1605 308 1664 illo
333 1608 364 1665 in
387 1606 529 1665 Caesarem
557 1604 748 1665 tentabantur.
769 1604 848 1663 Dein
871 1604 943 1664 Piso

256 1686 336 1745 abire
354 1684 434 1765 syna
453 1684 550 1745 statuit
561 1708 570 1755 3
591 1707 659 1745 mox
681 1684 795 1745 adversa
819 1686 944 1747 Germa-

257 1768 317 1825 nici
340 1765 500 1827 valetudine
527 1766 680 1835 detentus,
705 1766 755 1825 ubi
780 1786 942 1829 recreatum

256 1850 388 1928 accepit,
410 1868 536 1928 votaque
552 1868 603 1986 pro
626 1848 823 1909 incolumitate
846 1850 945 1911 solve-

257 1929 384 1999 bantur,
403 1929 536 1989 admotas
574 1928 673 2000 ostias,
689 1926 873 1989 sacrificalem
893 1952 943 2011 ap·

257 2013 404 2093 paratum,
429 2009 528 2070 festam
550 2008 788 2073 Antiochensium
807 2011 943 2090 plebem,

257 2114 308 2172 per
322 2112 325 2116 ·
339 2094 450 2152 liciores
477 2092 631 2172 proturbat.
667 2092 745 2151 Tum
781 2093 943 2153 Seleuciam

256 2172 435 2256 digreditur,
461 2176 607 2253 opperiens
631 2173 850 2257 aegritudinem,
880 2198 946 2256 quae

259 2274 368 2313 rursum
386 2256 559 2314 Germanico
580 2256 720 2315 acciderat
736 2279 742 2311 r
758 2278 860 2317 saevam
880 2259 943 2317 vim

259 2336 356 2393 morbi
374 2335 497 2417 augebat
516 2339 656 2415 persuasio
675 2338 778 2397 veneni
799 2360 815 2399 a
837 2338 946 2397 Pisone
1027 2380 1028 2385 κ

258 2418 390 2497 accepti3
416 2417 668 2496 &reperiebantur
689 2420 750 2480 solo
771 2440 803 2477 ac
825 2422 946 2498 parieti<
1007 2430 1009 2434 '

260 2498 314 2557 bus
331 2519 413 2560 erutae
428 2495 618 2559 humanorum
633 2521 780 2581 corporum
798 2500 947 2581 reliquiae,-

261 2581 410 2649 carmina,
433 2590 461 2639 &
483 2579 667 2653 devotiones,
687 2590 714 2641 &
734 2603 840 2641 nomen
860 2582 944 2643 Ger-

261 2662 369 2725 manici
390 2662 529 2740 plumbeis
552 2663 655 2723 tabulis
672 2663 868 2741 insculptum,
897 2684 945 2723 sc·

262 2741 347 2807 musti
363 2745 500 2818 cineres,
530 2766 564 2808 ac
595 2744 660 2807 tabe
689 2744 804 2815 obliti,
829 2743 946 2829 aliaque
