2075 3659
203 287 452 377 ἈΝΝΑιιυΜ
476 310 559 379 Lrtr.
586 284 611 379 Ῑ
709 326 755 407 69

74 414 201 557 expuisse
219 416 366 483 dicebatur
384 448 390 481 :
408 448 457 486 cur
472 428 636 493 abstinuerit
652 440 756 514 specia-

74 516 109 555 ω
121 518 140 553 o
149 498 226 577 ipse,
236 503 312 560 varie
321 503 470 569 trahebant
480 534 487 571 r
496 513 546 571 alii
554 514 638 581 taedio
650 517 755 591 cretis,

74 578 195 659 quidam
217 580 328 643 tristitiit
348 589 475 670 ingenii,
491 602 519 653 &
541 616 619 657 metu
642 618 756 679 compa-

72 662 209 732 rationis,
231 667 298 745 quin
316 668 458 751 Augustus
472 677 591 735 comiter
612 679 755 741 interfuis-

72 762 125 803 set.
145 743 216 805 Non
230 746 397 809 crediderim
413 751 450 811 ad
465 752 662 819 ostentandam
676 765 756 821 saevi-

74 825 166 894 tiam,
192 829 403 911 movendasque
432 837 529 912 populi
559 834 753 914 offensiones,

74 926 238 969 concessam
257 907 317 969 filio
338 915 510 973 materiem:
531 938 705 1002 quamquam
723 924 754 985 id

73 1008 192 1067 quoque
214 988 321 1051 diihurn
340 992 389 1055 est.

109 1068 300 1161 LXXVII.
315 1074 358 1135 At
375 1074 477 1139 theatri
494 1079 608 1143 licentia
622 1086 752 1163 proximo

73 1170 168 1231 priore
183 1173 261 1217 ¹anno
284 1176 395 1234 crepta,
423 1160 533 1242 gravius
554 1184 615 1223 turn
640 1169 752 1244 erupit,

74 1234 177 1292 occisis
193 1255 254 1293 non
271 1235 360 1297 modb
380 1261 396 1297 e
422 1243 524 1320 plebe,
543 1245 590 1305 sed
613 1248 751 1309 militibus

74 1323 105 1374 δι
127 1318 313 1390 centurione,
337 1322 485 1383 vulnerato
512 1328 626 1387 tribuno
646 1350 750 1408 praetow

73 1399 123 1460 riae
145 1394 293 1471 cohortis,
314 1401 383 1463 dum
403 1405 504 1483 probra
527 1409 556 1467 in
575 1408 752 1492 magistratus

74 1488 104 1539 δι
131 1478 333 1545 dissensionem
356 1486 435 1568 vulgi
462 1485 623 1566 prohibent.
646 1492 752 1555 Attum

75 1560 112 1619 de
128 1582 164 1619 ea
183 1561 322 1623 seditione
339 1568 413 1645 apud
433 1589 541 1647 patres,
567 1571 749 1632 dicebantur-

75 1663 132 1724 que
151 1647 314 1716 sententie,
335 1666 365 1705 ur
373 1650 534 1722 pratoribus
542 1653 594 1733 jus
611 1654 752 1732 virgarum

76 1726 110 1782 in
131 1724 275 1805 histriones
307 1747 379 1788 esset
403 1753 410 1786 ε
440 1733 592 1793 intercessit
618 1734 752 1797 Haterius

90 1866 98 1873 ,
141 1807 206 1885 ippa
230 1808 356 1871 tribunus
388 1811 508 1890 plebei,
545 1816 752 1899 increpitusque

77 1908 94 1945 e
130 1889 224 1947 Asinii
243 1888 323 1949 Galli
337 1894 488 1965 oratione,
504 1896 601 1957 silente
615 1897 750 1971 Tiberio,

78 1972 130 2053 qui
147 1990 180 2028 ea
193 1972 339 2031 simulacra
360 1973 497 2036 libertatis
514 1981 623 2037 senatui
642 1981 749 2057 praebe-

78 2051 130 2111 bat
146 2074 153 2106 ι
170 2053 260 2111 valuit
279 2073 375 2113 tamen
394 2058 576 2128 intercessio,
592 2060 658 2137 quia
672 2060 752 2122 divus

77 2130 753 2221 Auguihrsimmunesverberumhiflriontsquon-

79 2213 149 2273 dam
165 2215 362 2294 responderat,
384 2238 475 2299 neque
497 2217 540 2278 fas
560 2218 677 2279 Tiberio
701 2225 748 2283 in.

78 2295 202 2377 {ringere
224 2296 300 2356 dicha
322 2304 388 2376 ejus.
412 2298 457 2358 De
478 2300 566 2359 modo
587 2303 704 2374 lucaris,
723 2314 753 2373 ὃς

78 2376 209 2437 adversus
231 2378 375 2438 lasciviam
399 2379 561 2454 fautorum,
586 2386 675 2447 multa
702 2386 752 2445 de-

78 2479 230 2521 cernuntur
236 2482 246 2531 3
268 2480 301 2518 ex
319 2463 382 2540 quis
398 2465 523 2522 maxime
540 2466 660 2547 insignia
681 2489 686 2522 :
706 2469 752 2527 Ne

77 2544 173 2600 domos
183 2543 415 2615 pantomimorum
430 2563 541 2605 senator
554 2547 680 2615 introiret
693 2572 703 2609 ,·
718 2571 752 2607 nt
768 2590 773 2597 ω

77 2624 241 2711 egredientis
255 2625 286 2681 in
292 2625 430 2697 publicum
444 2627 545 2703 equites
558 2625 678 2685 Romani
690 2630 751 2685 cin-

74 2724 192 2785 gerent:
203 2724 252 2765 aut
263 2705 335 2764 alibi
349 2704 427 2782 purim
437 2708 469 2768 in
480 2706 585 2767 theatro
600 2714 750 2783 spatiarer·

78 2807 141 2847 tur:
153 2783 673 2869 &spectantiumimmodefliamexsilio
684 2792 752 2849 mul-

77 2869 159 2930 tandi
164 2870 284 2955 potestas
290 2870 450 2947 pretioribus
457 2872 546 2953 fieret.
