2075 3659
168 308 415 383 AnnArrutr
440 310 525 381 Lm.
550 310 620 382 IV.
673 332 737 404 245

59 432 262 501 indiceretur,
289 454 348 491 esse
370 431 427 491 sili
443 432 549 509 ferrum
573 429 601 491 u
619 433 753 512 juventu·

61 531 124 575 tem
140 561 153 585 ,
177 512 202 579 fl,
223 532 378 589 promptum
396 506 540 583 libertati,
559 531 607 571 aut
624 516 664 572 ad
678 536 753 571 mor·

62 616 124 656 tem
138 596 274 655 animum.
288 594 379 653 Simul
394 592 505 654 castella
519 594 633 673 rupibus
646 594 754 665 indita,

63 678 259 757 conlatosque
268 674 333 733 illuc
343 694 468 755 parentes
479 684 506 735 &
518 680 651 758 conjuges
662 673 753 735 osten-

63 759 197 828 tabant,
222 754 369 834 bellumque
399 754 583 831 impeditum,
612 759 754 828 orditum,

65 858 215 899 cruentum
230 838 442 897 minitabantur.

112 919 246 979 XLVIL
272 918 312 977 At
340 918 480 989 Sabinus,
506 916 596 979 donec
622 920 756 980 exercitus

69 998 104 1060 in
132 1021 224 1061 unum
247 1000 432 1072 conduceret,
459 996 532 1061 daris
557 1000 673 1061 mitibus
693 1022 752 1060 res-

71 1085 195 1163 ponsis,
214 1080 281 1143 dum
302 1080 476 1161 Pomponius
499 1081 631 1141 Labeoe
649 1083 756 1143 Moesia

69 1185 140 1223 cum
184 1164 322 1246 legione,
359 1183 406 1221 rex
443 1160 650 1223 Rhoemetalces
688 1185 756 1224 cum

71 1246 189 1305 auxiliis
210 1244 407 1325 popularium,
446 1246 476 1302 ui
501 1242 585 1304 fidem
608 1268 667 1305 non
685 1266 753 1304 mu·

72 1344 225 1397 taverunt,
244 1328 369 1397 veniret3
391 1266 487 1385 adlit&
506 1328 632 1405 praesenti
653 1325 755 1405 copiis,

74 1405 112 1465 acl
134 1404 247 1465 hostem
272 1403 383 1490 pergit,
413 1406 602 1486 compositum
622 1413 680 1501 pam
707 1427 755 1487 per

75 1487 222 1573 angustius
233 1486 353 1548 saltuum
367 1488 502 1569 :quidam
519 1485 665 1547 audentuis
675 1508 757 1628 ager·

76 1572 111 1629 tis
133 1572 166 1630 in
190 1570 309 1629 collibus
326 1568 486 1629 visebantur
505 1592 511 1625 :
528 1591 599 1650 quos
621 1569 677 1629 dux
722 1592 757 1627 o-

77 1672 201 1726 memus,¹
209 1652 268 1711 acie
277 1672 451 1734 suggressus,
463 1642 539 1711 haud
549 1670 621 1735 aegre
634 1651 761 1733 pepulit„

79 1735 221 1817 sanguine
237 1733 419 1793 barbarorum
440 1732 575 1803 modico,
592 1733 631 1791 ob
648 1734 759 1814 propin-

80 1836 136 1895 qua
154 1812 286 1907 suffugia.
300 1814 374 1873 Mox
391 1812 482 1874 castris
503 1816 533 1875 in
548 1814 614 1873 loco
631 1835 758 1873 commu·

78 1897 166 1967 nitis,
189 1896 283 1956 valida
300 1916 386 1955 manu
406 1915 535 1957 montem
553 1916 693 1975 occupat,
710 1918 760 1954 an·

79 1976 212 2059 gustum,
228 1984 255 2037 δι
272 1976 373 2058 aequali
388 1976 471 2035 dorso
487 1978 653 2035 continuum
673 1996 761 2056 usque

81 2058 117 2118 ad
133 2060 298 2139 proximum
317 2055 475 2128 castellum,
497 2056 576 2137 quod
594 2076 699 2138 magna
718 2058 762 2116 vis

81 2160 212 2211 armata,
235 2156 283 2215 aut
303 2136 470 2207 incondita,
495 2137 625 2195 tuebatur
649 2160 655 2193 :
678 2136 764 2197 simul

82 2222 112 2280 in
135 2220 346 2291 ferocissimos,
366 2218 416 2299 qui
442 2236 506 2277 ante
530 2216 659 2288 vallum,
682 2239 762 2276 ruore

83 2305 196 2385 gentis,
220 2322 284 2360 cum
308 2300 477 2360 carminibus
500 2307 528 2359 &
546 2297 672 2379 tripudiis
694 2320 760 2379 per-

83 2384 245 2455 sultabant,
276 2382 363 2441 mittit
395 2381 516 2441 delecios
543 2382 762 2464 sagittariorum.

83 2460 109 2522 li
129 2464 199 2524 dum
214 2466 322 2523 eminus
341 2462 554 2546 grassabantur,
572 2462 667 2521 crebra
681 2463 764 2521 &in-
810 2535 812 2539 Ι

84 2545 144 2605 ulta
167 2546 281 2605 vulnera
303 2543 391 2603 fecere
411 2566 419 2614 3
445 2541 557 2623 propius
581 2543 763 2614 incedentes,

87 2629 230 2705 eruptione
252 2626 343 2686 subita
366 2625 469 2683 turbati
495 2643 578 2693 sunt,
605 2625 764 2703 receptique

88 2707 213 2767 subsidio
236 2705 400 2791 Sugambrae
420 2701 563 2775 cohortis,
587 2725 674 2784 quam
697 2704 763 2762 Ro-

21 2853 25 2865 ,
91 2804 188 2853 manus
206 2807 366 2871 promptam
387 2785 424 2848 ad
442 2784 580 2867 periculi,
601 2806 652 2843 nec
672 2784 766 2851 mimis
849 2849 854 2858 ,

568 2866 593 2925 L
614 2867 645 2946 rj
