<?xml version="1.0" encoding="UTF-8"?>
<!DOCTYPE html PUBLIC "-//W3C//DTD XHTML 1.0 Transitional//EN"
    "http://www.w3.org/TR/xhtml1/DTD/xhtml1-transitional.dtd">
<html xmlns="http://www.w3.org/1999/xhtml" xml:lang="en" lang="en">
 <head>
  <title>
</title>
<meta http-equiv="Content-Type" content="text/html;charset=utf-8" />
  <meta name='ocr-system' content='tesseract 3.04.00' />
  <meta name='ocr-capabilities' content='ocr_page ocr_carea ocr_par ocr_line ocrx_word'/>
</head>
<body>
  <div class='ocr_page' id='page_1' title='image "./ccorneliitaciti02lallgoog_0348.png"; bbox 0 0 2075 3659; ppageno 0'>
   <div class='ocr_carea' id='block_1_1' title="bbox 263 293 844 392">
    <p class='ocr_par' dir='ltr' id='par_1_1' title="bbox 263 293 844 392">
     <span class='ocr_line' id='line_1_1' title="bbox 263 293 844 392; baseline 0.007 -22"><span class='ocrx_word' id='word_1_1' title='bbox 263 293 337 392; x_wconf 73' lang='lat'>31&#39;6</span> <span class='ocrx_word' id='word_1_2' title='bbox 388 301 426 372; x_wconf 84' lang='lat' dir='ltr'>C.</span> <span class='ocrx_word' id='word_1_3' title='bbox 455 301 605 376; x_wconf 76' lang='lat' dir='ltr'>Gonu.</span> <span class='ocrx_word' id='word_1_4' title='bbox 637 301 844 375; x_wconf 76' lang='lat' dir='ltr'>TAcrrr</span> 
     </span>
    </p>
   </div>
   <div class='ocr_carea' id='block_1_2' title="bbox 180 420 1020 2862">
    <p class='ocr_par' dir='ltr' id='par_1_2' title="bbox 180 420 950 1236">
     <span class='ocr_line' id='line_1_2' title="bbox 218 420 950 506; baseline 0.01 -24"><span class='ocrx_word' id='word_1_5' title='bbox 218 443 222 452; x_wconf 86' lang='grc'>’</span> <span class='ocrx_word' id='word_1_6' title='bbox 264 422 434 504; x_wconf 84' lang='lat' dir='ltr'>Cappadoci</span> <span class='ocrx_word' id='word_1_7' title='bbox 456 420 599 482; x_wconf 83' lang='lat' dir='ltr'>Archelao</span> <span class='ocrx_word' id='word_1_8' title='bbox 620 424 764 502; x_wconf 72' lang='lat' dir='ltr'>subjeua,</span> <span class='ocrx_word' id='word_1_9' title='bbox 786 428 859 506; x_wconf 89' lang='lat' dir='ltr'>quia</span> <span class='ocrx_word' id='word_1_10' title='bbox 883 447 950 490; x_wconf 75' lang='lat' dir='ltr'>nos·</span> 
     </span>
     <span class='ocr_line' id='line_1_3' title="bbox 263 501 947 587; baseline 0.003 -22"><span class='ocrx_word' id='word_1_11' title='bbox 263 523 339 565; x_wconf 91' lang='lat' dir='ltr'>trum</span> <span class='ocrx_word' id='word_1_12' title='bbox 357 507 388 564; x_wconf 91' lang='lat' dir='ltr'>in</span> <span class='ocrx_word' id='word_1_13' title='bbox 411 504 530 564; x_wconf 88' lang='lat' dir='ltr'>modum</span> <span class='ocrx_word' id='word_1_14' title='bbox 552 501 657 564; x_wconf 74' lang='lat' dir='ltr'>delerre</span> <span class='ocrx_word' id='word_1_15' title='bbox 678 527 795 576; x_wconf 90' lang='lat' dir='ltr'>census,</span> <span class='ocrx_word' id='word_1_16' title='bbox 821 509 883 587; x_wconf 85' lang='lat' dir='ltr'>pati</span> <span class='ocrx_word' id='word_1_17' title='bbox 899 513 947 572; x_wconf 88' lang='lat' dir='ltr'>tri-</span> 
     </span>
     <span class='ocr_line' id='line_1_4' title="bbox 263 584 947 669; baseline 0.004 -20"><span class='ocrx_word' id='word_1_18' title='bbox 263 584 332 650; x_wconf 83' lang='lat' dir='ltr'>buta</span> <span class='ocrx_word' id='word_1_19' title='bbox 356 585 542 669; x_wconf 82' lang='lat' dir='ltr'>adigebatur,</span> <span class='ocrx_word' id='word_1_20' title='bbox 567 587 598 644; x_wconf 92' lang='lat' dir='ltr'>in</span> <span class='ocrx_word' id='word_1_21' title='bbox 625 591 693 669; x_wconf 83' lang='lat' dir='ltr'>juga</span> <span class='ocrx_word' id='word_1_22' title='bbox 717 585 813 647; x_wconf 80' lang='lat' dir='ltr'>Tauri</span> <span class='ocrx_word' id='word_1_23' title='bbox 846 593 947 652; x_wconf 85' lang='lat' dir='ltr'>montis</span> 
     </span>
     <span class='ocr_line' id='line_1_5' title="bbox 263 667 947 750; baseline 0.009 -23"><span class='ocrx_word' id='word_1_24' title='bbox 263 667 396 728; x_wconf 79' lang='lat' dir='ltr'>abscessit</span> <span class='ocrx_word' id='word_1_25' title='bbox 416 691 423 732; x_wconf 78' lang='grc' dir='ltr'><strong>ς</strong></span> <span class='ocrx_word' id='word_1_26' title='bbox 440 668 626 748; x_wconf 89' lang='lat' dir='ltr'>locorumque</span> <span class='ocrx_word' id='word_1_27' title='bbox 639 669 757 750; x_wconf 86' lang='lat' dir='ltr'>ingenio</span> <span class='ocrx_word' id='word_1_28' title='bbox 776 689 839 729; x_wconf 87' lang='lat' dir='ltr'>sese</span> <span class='ocrx_word' id='word_1_29' title='bbox 854 691 947 734; x_wconf 76' lang='lat' dir='ltr'>contra</span> 
     </span>
     <span class='ocr_line' id='line_1_6' title="bbox 263 749 946 830; baseline 0.006 -22"><span class='ocrx_word' id='word_1_30' title='bbox 263 749 392 809; x_wconf 84' lang='lat' dir='ltr'>imbelles</span> <span class='ocrx_word' id='word_1_31' title='bbox 420 750 494 830; x_wconf 86' lang='lat' dir='ltr'>regis</span> <span class='ocrx_word' id='word_1_32' title='bbox 521 751 617 830; x_wconf 85' lang='lat' dir='ltr'>copias</span> <span class='ocrx_word' id='word_1_33' title='bbox 650 749 827 820; x_wconf 82' lang='lat' dir='ltr'>tutabatur3</span> <span class='ocrx_word' id='word_1_34' title='bbox 861 752 946 812; x_wconf 87' lang='lat' dir='ltr'>donec</span> 
     </span>
     <span class='ocr_line' id='line_1_7' title="bbox 263 829 947 913; baseline 0.007 -24"><span class='ocrx_word' id='word_1_35' title='bbox 263 830 310 900; x_wconf 89' lang='lat' dir='ltr'>M.</span> <span class='ocrx_word' id='word_1_36' title='bbox 343 830 500 900; x_wconf 80' lang='lat' dir='ltr'>Trebellius</span> <span class='ocrx_word' id='word_1_37' title='bbox 523 829 653 913; x_wconf 81' lang='lat' dir='ltr'>legatus,</span> <span class='ocrx_word' id='word_1_38' title='bbox 667 833 695 889; x_wconf 84' lang='lat' dir='ltr'>&#39;a</span> <span class='ocrx_word' id='word_1_39' title='bbox 721 831 852 890; x_wconf 87' lang='lat' dir='ltr'>Vitellio</span> <span class='ocrx_word' id='word_1_40' title='bbox 882 854 947 912; x_wconf 75' lang='lat' dir='ltr'>pre-</span> 
     </span>
     <span class='ocr_line' id='line_1_8' title="bbox 264 911 945 996; baseline 0.003 -25"><span class='ocrx_word' id='word_1_41' title='bbox 264 911 324 976; x_wconf 87' lang='lat' dir='ltr'>side</span> <span class='ocrx_word' id='word_1_42' title='bbox 350 911 436 992; x_wconf 78' lang='lat' dir='ltr'>Syrie</span> <span class='ocrx_word' id='word_1_43' title='bbox 461 931 526 970; x_wconf 91' lang='lat' dir='ltr'>cum</span> <span class='ocrx_word' id='word_1_44' title='bbox 551 930 671 991; x_wconf 86' lang='lat' dir='ltr'>quatuor</span> <span class='ocrx_word' id='word_1_45' title='bbox 694 912 827 972; x_wconf 88' lang='lat' dir='ltr'>millibus</span> <span class='ocrx_word' id='word_1_46' title='bbox 850 913 945 996; x_wconf 85' lang='lat' dir='ltr'>legio-</span> 
     </span>
     <span class='ocr_line' id='line_1_9' title="bbox 263 992 947 1064; baseline 0.004 -11"><span class='ocrx_word' id='word_1_47' title='bbox 263 995 425 1064; x_wconf 88' lang='lat' dir='ltr'>nariorum,</span> <span class='ocrx_word' id='word_1_48' title='bbox 442 992 601 1053; x_wconf 71' lang='lat' dir='ltr'>&amp;deleclis</span> <span class='ocrx_word' id='word_1_49' title='bbox 619 992 729 1051; x_wconf 81' lang='lat' dir='ltr'>auxiliis</span> <span class='ocrx_word' id='word_1_50' title='bbox 741 994 866 1064; x_wconf 90' lang='lat' dir='ltr'>missus,</span> <span class='ocrx_word' id='word_1_51' title='bbox 879 995 947 1056; x_wconf 83' lang='lat' dir='ltr'>duos</span> 
     </span>
     <span class='ocr_line' id='line_1_10' title="bbox 180 1071 944 1145; baseline 0.003 -10"><span class='ocrx_word' id='word_1_52' title='bbox 180 1107 185 1113; x_wconf 95' lang='lat'>·</span> <span class='ocrx_word' id='word_1_53' title='bbox 263 1075 362 1144; x_wconf 83' lang='lat' dir='ltr'>collis,</span> <span class='ocrx_word' id='word_1_54' title='bbox 410 1095 461 1134; x_wconf 90' lang='lat' dir='ltr'>uos</span> <span class='ocrx_word' id='word_1_55' title='bbox 487 1073 600 1133; x_wconf 88' lang='lat' dir='ltr'>barbari</span> <span class='ocrx_word' id='word_1_56' title='bbox 622 1071 783 1132; x_wconf 87' lang='lat' dir='ltr'>insederant</span> <span class='ocrx_word' id='word_1_57' title='bbox 812 1077 944 1145; x_wconf 90' lang='lat' dir='ltr'>(minori</span> 
     </span>
     <span class='ocr_line' id='line_1_11' title="bbox 265 1095 942 1236; baseline -0.003 -18"><span class='ocrx_word' id='word_1_58' title='bbox 265 1157 369 1226; x_wconf 74' lang='lat' dir='ltr'>Cadra,</span> <span class='ocrx_word' id='word_1_59' title='bbox 387 1095 467 1214; x_wconf 57' lang='lat' dir='ltr'>dteri</span> <span class='ocrx_word' id='word_1_60' title='bbox 483 1155 605 1216; x_wconf 78' lang='lat' dir='ltr'>Davara</span> <span class='ocrx_word' id='word_1_61' title='bbox 625 1175 732 1224; x_wconf 86' lang='lat' dir='ltr'>nomen</span> <span class='ocrx_word' id='word_1_62' title='bbox 757 1152 800 1213; x_wconf 90' lang='lat' dir='ltr'>est</span> <span class='ocrx_word' id='word_1_63' title='bbox 822 1160 942 1236; x_wconf 83' lang='lat' dir='ltr'>(operi-</span> 
     </span>
    </p>

    <p class='ocr_par' dir='ltr' id='par_1_3' title="bbox 256 1235 1020 2862">
     <span class='ocr_line' id='line_1_12' title="bbox 263 1235 943 1315; baseline 0.001 -20"><span class='ocrx_word' id='word_1_64' title='bbox 263 1235 317 1304; x_wconf 90' lang='lat' dir='ltr'>bus</span> <span class='ocrx_word' id='word_1_65' title='bbox 332 1235 516 1314; x_wconf 72' lang='lat' dir='ltr'>circumdedit</span> <span class='ocrx_word' id='word_1_66' title='bbox 532 1259 539 1292; x_wconf 90' lang='lat'><strong>:</strong></span> <span class='ocrx_word' id='word_1_67' title='bbox 553 1244 580 1296; x_wconf 76' lang='grc' dir='ltr'>δι</span> <span class='ocrx_word' id='word_1_68' title='bbox 596 1255 739 1315; x_wconf 87' lang='lat' dir='ltr'>erumpere</span> <span class='ocrx_word' id='word_1_69' title='bbox 756 1257 844 1296; x_wconf 86' lang='lat' dir='ltr'>ausos</span> <span class='ocrx_word' id='word_1_70' title='bbox 860 1237 943 1310; x_wconf 86' lang='lat' dir='ltr'>fetro,</span> 
     </span>
     <span class='ocr_line' id='line_1_13' title="bbox 263 1315 944 1402; baseline 0 -24"><span class='ocrx_word' id='word_1_71' title='bbox 263 1338 369 1386; x_wconf 86' lang='lat' dir='ltr'>ceteros</span> <span class='ocrx_word' id='word_1_72' title='bbox 390 1319 436 1388; x_wconf 89' lang='lat' dir='ltr'>siti</span> <span class='ocrx_word' id='word_1_73' title='bbox 458 1316 495 1378; x_wconf 88' lang='lat' dir='ltr'>ad</span> <span class='ocrx_word' id='word_1_74' title='bbox 507 1315 680 1377; x_wconf 89' lang='lat' dir='ltr'>deditionem</span> <span class='ocrx_word' id='word_1_75' title='bbox 698 1319 807 1402; x_wconf 67' lang='lat' dir='ltr'>coegit,</span> <span class='ocrx_word' id='word_1_76' title='bbox 835 1319 878 1378; x_wconf 86' lang='lat' dir='ltr'>At</span> <span class='ocrx_word' id='word_1_77' title='bbox 894 1319 944 1378; x_wconf 90' lang='lat' dir='ltr'>Ti-</span> 
     </span>
     <span class='ocr_line' id='line_1_14' title="bbox 263 1395 942 1480; baseline 0.001 -21"><span class='ocrx_word' id='word_1_78' title='bbox 263 1400 395 1471; x_wconf 87' lang='lat' dir='ltr'>ridates,</span> <span class='ocrx_word' id='word_1_79' title='bbox 425 1399 585 1459; x_wconf 85' lang='lat' dir='ltr'>volentibus</span> <span class='ocrx_word' id='word_1_80' title='bbox 616 1395 755 1470; x_wconf 83' lang='lat' dir='ltr'>Parthis,</span> <span class='ocrx_word' id='word_1_81' title='bbox 790 1397 942 1480; x_wconf 86' lang='lat' dir='ltr'>Nicepho-</span> 
     </span>
     <span class='ocr_line' id='line_1_15' title="bbox 261 1477 944 1560; baseline 0.003 -20"><span class='ocrx_word' id='word_1_82' title='bbox 261 1483 336 1542; x_wconf 84' lang='lat' dir='ltr'>rium</span> <span class='ocrx_word' id='word_1_83' title='bbox 356 1489 384 1540; x_wconf 86' lang='lat'>&amp;</span> <span class='ocrx_word' id='word_1_84' title='bbox 401 1477 642 1552; x_wconf 80' lang='lat' dir='ltr'>Anthemusiada,</span> <span class='ocrx_word' id='word_1_85' title='bbox 660 1498 823 1560; x_wconf 88' lang='lat' dir='ltr'>ceterasque</span> <span class='ocrx_word' id='word_1_86' title='bbox 846 1481 944 1555; x_wconf 89' lang='lat' dir='ltr'>urbes,</span> 
     </span>
     <span class='ocr_line' id='line_1_16' title="bbox 263 1560 944 1644; baseline -0.003 -21"><span class='ocrx_word' id='word_1_87' title='bbox 263 1585 326 1644; x_wconf 82' lang='lat' dir='ltr'>quae</span> <span class='ocrx_word' id='word_1_88' title='bbox 352 1561 560 1632; x_wconf 80' lang='lat' dir='ltr'>Macedonibus</span> <span class='ocrx_word' id='word_1_89' title='bbox 579 1563 654 1632; x_wconf 84' lang='lat' dir='ltr'>sitae,</span> <span class='ocrx_word' id='word_1_90' title='bbox 684 1560 787 1621; x_wconf 82' lang='lat' dir='ltr'>Graeca</span> <span class='ocrx_word' id='word_1_91' title='bbox 804 1563 944 1631; x_wconf 75' lang='lat' dir='ltr'>voeabula</span> 
     </span>
     <span class='ocr_line' id='line_1_17' title="bbox 262 1641 944 1724; baseline -0.004 -21"><span class='ocrx_word' id='word_1_92' title='bbox 262 1663 415 1724; x_wconf 87' lang='lat' dir='ltr'>usurpant,</span> <span class='ocrx_word' id='word_1_93' title='bbox 433 1643 642 1724; x_wconf 88' lang='lat' dir='ltr'>Halumque&amp;</span> <span class='ocrx_word' id='word_1_94' title='bbox 660 1641 858 1714; x_wconf 87' lang='lat' dir='ltr'>Artemitam,</span> <span class='ocrx_word' id='word_1_95' title='bbox 878 1645 944 1707; x_wconf 54' lang='lat' dir='ltr'>Para</span> 
     </span>
     <span class='ocr_line' id='line_1_18' title="bbox 263 1721 1020 1808; baseline 0 -22"><span class='ocrx_word' id='word_1_96' title='bbox 263 1721 339 1786; x_wconf 83' lang='lat' dir='ltr'>thica</span> <span class='ocrx_word' id='word_1_97' title='bbox 366 1724 496 1805; x_wconf 85' lang='lat' dir='ltr'>oppida,</span> <span class='ocrx_word' id='word_1_98' title='bbox 517 1725 645 1804; x_wconf 88' lang='lat' dir='ltr'>recepit,</span> <span class='ocrx_word' id='word_1_99' title='bbox 667 1723 842 1784; x_wconf 89' lang='lat' dir='ltr'>certantibus</span> <span class='ocrx_word' id='word_1_100' title='bbox 868 1747 942 1808; x_wconf 83' lang='lat' dir='ltr'>gau·</span> <span class='ocrx_word' id='word_1_101' title='bbox 1019 1751 1020 1754; x_wconf 43' lang='lat'>¹</span> 
     </span>
     <span class='ocr_line' id='line_1_19' title="bbox 263 1802 944 1887; baseline -0.003 -19"><span class='ocrx_word' id='word_1_102' title='bbox 263 1805 331 1877; x_wconf 90' lang='lat' dir='ltr'>dio,</span> <span class='ocrx_word' id='word_1_103' title='bbox 352 1807 402 1887; x_wconf 91' lang='lat' dir='ltr'>qui</span> <span class='ocrx_word' id='word_1_104' title='bbox 418 1805 614 1876; x_wconf 84' lang='lat' dir='ltr'>Artabanum,</span> <span class='ocrx_word' id='word_1_105' title='bbox 633 1802 752 1884; x_wconf 89' lang='lat' dir='ltr'>Scythas</span> <span class='ocrx_word' id='word_1_106' title='bbox 764 1806 840 1864; x_wconf 90' lang='lat' dir='ltr'>inter</span> <span class='ocrx_word' id='word_1_107' title='bbox 859 1807 944 1866; x_wconf 84' lang='lat' dir='ltr'>educ·</span> 
     </span>
     <span class='ocr_line' id='line_1_20' title="bbox 263 1886 939 1962; baseline 0 -16"><span class='ocrx_word' id='word_1_108' title='bbox 263 1907 346 1962; x_wconf 80' lang='lat' dir='ltr'>tum,</span> <span class='ocrx_word' id='word_1_109' title='bbox 370 1886 410 1946; x_wconf 94' lang='lat' dir='ltr'>ob</span> <span class='ocrx_word' id='word_1_110' title='bbox 435 1888 571 1948; x_wconf 75' lang='lat' dir='ltr'>saevitiam</span> <span class='ocrx_word' id='word_1_111' title='bbox 597 1889 749 1957; x_wconf 87' lang='lat' dir='ltr'>exsecrati,</span> <span class='ocrx_word' id='word_1_112' title='bbox 776 1906 863 1946; x_wconf 91' lang='lat' dir='ltr'>come</span> <span class='ocrx_word' id='word_1_113' title='bbox 883 1887 939 1948; x_wconf 90' lang='lat' dir='ltr'>Ti-</span> 
     </span>
     <span class='ocr_line' id='line_1_21' title="bbox 262 1967 1018 2051; baseline 0 -21"><span class='ocrx_word' id='word_1_114' title='bbox 262 1969 360 2030; x_wconf 87' lang='lat' dir='ltr'>ridatis</span> <span class='ocrx_word' id='word_1_115' title='bbox 384 1970 551 2051; x_wconf 84' lang='lat' dir='ltr'>ingenium,</span> <span class='ocrx_word' id='word_1_116' title='bbox 584 1967 733 2038; x_wconf 78' lang='lat' dir='ltr'>Romanas</span> <span class='ocrx_word' id='word_1_117' title='bbox 764 1986 815 2046; x_wconf 86' lang='lat' dir='ltr'>per</span> <span class='ocrx_word' id='word_1_118' title='bbox 847 1989 941 2042; x_wconf 86' lang='lat' dir='ltr'>artes,</span> <span class='ocrx_word' id='word_1_119' title='bbox 1017 2033 1018 2036; x_wconf 60' lang='grc'>,</span> 
     </span>
     <span class='ocr_line' id='line_1_22' title="bbox 261 2051 418 2131; baseline -0.013 -19"><span class='ocrx_word' id='word_1_120' title='bbox 261 2051 418 2131; x_wconf 82' lang='lat' dir='ltr'>sperabant.</span> 
     </span>
     <span class='ocr_line' id='line_1_23' title="bbox 302 2127 1017 2196; baseline -0.008 -4"><span class='ocrx_word' id='word_1_121' title='bbox 302 2132 395 2192; x_wconf 90' lang='lat' dir='ltr'>XLII.</span> <span class='ocrx_word' id='word_1_122' title='bbox 414 2131 570 2196; x_wconf 89' lang='lat' dir='ltr'>Plurimum</span> <span class='ocrx_word' id='word_1_123' title='bbox 590 2129 761 2190; x_wconf 87' lang='lat' dir='ltr'>adulationis</span> <span class='ocrx_word' id='word_1_124' title='bbox 784 2127 939 2190; x_wconf 86' lang='lat' dir='ltr'>Seleucen·</span> <span class='ocrx_word' id='word_1_125' title='bbox 1016 2183 1017 2186; x_wconf 74' lang='grc'>,</span> 
     </span>
     <span class='ocr_line' id='line_1_24' title="bbox 262 2213 941 2292; baseline 0 -21"><span class='ocrx_word' id='word_1_126' title='bbox 262 2233 304 2286; x_wconf 85' lang='lat' dir='ltr'>ses</span> <span class='ocrx_word' id='word_1_127' title='bbox 325 2213 458 2284; x_wconf 75' lang='lat' dir='ltr'>induere,</span> <span class='ocrx_word' id='word_1_128' title='bbox 480 2214 579 2272; x_wconf 88' lang='lat' dir='ltr'>civitas</span> <span class='ocrx_word' id='word_1_129' title='bbox 598 2229 715 2292; x_wconf 86' lang='lat' dir='ltr'>potens,</span> <span class='ocrx_word' id='word_1_130' title='bbox 736 2229 816 2291; x_wconf 85' lang='lat' dir='ltr'>septa</span> <span class='ocrx_word' id='word_1_131' title='bbox 833 2213 941 2284; x_wconf 87' lang='lat' dir='ltr'>muris,</span> 
     </span>
     <span class='ocr_line' id='line_1_25' title="bbox 256 2291 1016 2374; baseline -0.003 -22"><span class='ocrx_word' id='word_1_132' title='bbox 256 2315 352 2374; x_wconf 80' lang='lat' dir='ltr'>¹neque</span> <span class='ocrx_word' id='word_1_133' title='bbox 376 2296 406 2352; x_wconf 91' lang='lat' dir='ltr'>in</span> <span class='ocrx_word' id='word_1_134' title='bbox 428 2294 579 2354; x_wconf 87' lang='lat' dir='ltr'>barbarum</span> <span class='ocrx_word' id='word_1_135' title='bbox 597 2309 745 2370; x_wconf 88' lang='lat' dir='ltr'>corrupta,</span> <span class='ocrx_word' id='word_1_136' title='bbox 765 2291 815 2352; x_wconf 88' lang='lat' dir='ltr'>sed</span> <span class='ocrx_word' id='word_1_137' title='bbox 832 2292 938 2352; x_wconf 89' lang='lat' dir='ltr'>condi·</span> <span class='ocrx_word' id='word_1_138' title='bbox 1015 2345 1016 2364; x_wconf 22' lang='grc' dir='ltr'><strong>ἶ</strong></span> 
     </span>
     <span class='ocr_line' id='line_1_26' title="bbox 262 2372 939 2452; baseline 0 -18"><span class='ocrx_word' id='word_1_139' title='bbox 262 2377 330 2434; x_wconf 83' lang='lat' dir='ltr'>toris</span> <span class='ocrx_word' id='word_1_140' title='bbox 360 2375 469 2434; x_wconf 85' lang='lat' dir='ltr'>Seleuci</span> <span class='ocrx_word' id='word_1_141' title='bbox 496 2377 625 2435; x_wconf 86' lang='lat' dir='ltr'>retinens.</span> <span class='ocrx_word' id='word_1_142' title='bbox 653 2372 786 2432; x_wconf 87' lang='lat' dir='ltr'>Trecenti</span> <span class='ocrx_word' id='word_1_143' title='bbox 815 2373 939 2452; x_wconf 87' lang='lat' dir='ltr'>opibus,</span> 
     </span>
     <span class='ocr_line' id='line_1_27' title="bbox 261 2454 940 2536; baseline -0.001 -21"><span class='ocrx_word' id='word_1_144' title='bbox 261 2477 312 2524; x_wconf 81' lang='lat' dir='ltr'>aut</span> <span class='ocrx_word' id='word_1_145' title='bbox 330 2454 465 2536; x_wconf 73' lang='lat' dir='ltr'>sapientii</span> <span class='ocrx_word' id='word_1_146' title='bbox 478 2455 594 2528; x_wconf 70' lang='lat' dir='ltr'>deletu,</span> <span class='ocrx_word' id='word_1_147' title='bbox 616 2473 646 2515; x_wconf 93' lang='lat' dir='ltr'>ut</span> <span class='ocrx_word' id='word_1_148' title='bbox 662 2472 773 2514; x_wconf 86' lang='lat' dir='ltr'>senatus</span> <span class='ocrx_word' id='word_1_149' title='bbox 793 2476 801 2510; x_wconf 76' lang='lat' dir='ltr'>r</span> <span class='ocrx_word' id='word_1_150' title='bbox 822 2475 872 2514; x_wconf 87' lang='lat' dir='ltr'>sua</span> <span class='ocrx_word' id='word_1_151' title='bbox 891 2475 940 2534; x_wconf 88' lang='lat' dir='ltr'>po-</span> 
     </span>
     <span class='ocr_line' id='line_1_28' title="bbox 262 2534 938 2619; baseline -0.001 -22"><span class='ocrx_word' id='word_1_152' title='bbox 262 2535 397 2619; x_wconf 65' lang='lat' dir='ltr'>pulo&#39;vis</span> <span class='ocrx_word' id='word_1_153' title='bbox 421 2560 428 2594; x_wconf 76' lang='grc' dir='ltr'><strong>ε</strong></span> <span class='ocrx_word' id='word_1_154' title='bbox 452 2545 480 2601; x_wconf 90' lang='lat'>&amp;</span> <span class='ocrx_word' id='word_1_155' title='bbox 507 2539 617 2618; x_wconf 88' lang='lat' dir='ltr'>quoties</span> <span class='ocrx_word' id='word_1_156' title='bbox 646 2534 799 2594; x_wconf 88' lang='lat' dir='ltr'>concordes</span> <span class='ocrx_word' id='word_1_157' title='bbox 827 2555 938 2617; x_wconf 81' lang='lat' dir='ltr'>agunt,</span> 
     </span>
     <span class='ocr_line' id='line_1_29' title="bbox 262 2615 1014 2699; baseline -0.005 -19"><span class='ocrx_word' id='word_1_158' title='bbox 262 2619 398 2699; x_wconf 81' lang='lat' dir='ltr'>spernitur</span> <span class='ocrx_word' id='word_1_159' title='bbox 408 2615 543 2689; x_wconf 69' lang='lat' dir='ltr'>Parthus,</span> <span class='ocrx_word' id='word_1_160' title='bbox 557 2619 607 2690; x_wconf 86' lang='lat' dir='ltr'>ubi</span> <span class='ocrx_word' id='word_1_161' title='bbox 618 2617 784 2687; x_wconf 81' lang='lat' dir='ltr'>dissensere,</span> <span class='ocrx_word' id='word_1_162' title='bbox 798 2615 869 2675; x_wconf 94' lang='lat' dir='ltr'>dum</span> <span class='ocrx_word' id='word_1_163' title='bbox 885 2615 939 2676; x_wconf 88' lang='lat' dir='ltr'>sibi</span> <span class='ocrx_word' id='word_1_164' title='bbox 1013 2633 1014 2646; x_wconf 64' lang='lat'>¹</span> 
     </span>
     <span class='ocr_line' id='line_1_30' title="bbox 262 2696 937 2783; baseline -0.003 -23"><span class='ocrx_word' id='word_1_165' title='bbox 262 2703 379 2783; x_wconf 89' lang='lat' dir='ltr'>quisque</span> <span class='ocrx_word' id='word_1_166' title='bbox 397 2719 491 2759; x_wconf 87' lang='lat' dir='ltr'>contra</span> <span class='ocrx_word' id='word_1_167' title='bbox 510 2701 625 2765; x_wconf 78' lang='lat' dir='ltr'>aemulos</span> <span class='ocrx_word' id='word_1_168' title='bbox 640 2696 796 2766; x_wconf 86' lang='lat' dir='ltr'>subsidium</span> <span class='ocrx_word' id='word_1_169' title='bbox 810 2717 917 2758; x_wconf 87' lang='lat' dir='ltr'>vocant</span> <span class='ocrx_word' id='word_1_170' title='bbox 926 2741 937 2770; x_wconf 85' lang='lat'>,</span> 
     </span>
     <span class='ocr_line' id='line_1_31' title="bbox 260 2779 935 2862; baseline -0.001 -20"><span class='ocrx_word' id='word_1_171' title='bbox 260 2784 364 2843; x_wconf 83' lang='lat' dir='ltr'>accitus</span> <span class='ocrx_word' id='word_1_172' title='bbox 372 2782 403 2842; x_wconf 89' lang='lat' dir='ltr'>in</span> <span class='ocrx_word' id='word_1_173' title='bbox 413 2799 532 2862; x_wconf 85' lang='lat' dir='ltr'>partem,</span> <span class='ocrx_word' id='word_1_174' title='bbox 543 2781 689 2856; x_wconf 77' lang='lat' dir='ltr'>adversum</span> <span class='ocrx_word' id='word_1_175' title='bbox 696 2797 797 2840; x_wconf 83' lang='lat' dir='ltr'>omnes</span> <span class='ocrx_word' id='word_1_176' title='bbox 808 2779 935 2854; x_wconf 72' lang='lat' dir='ltr'>valescit.</span> 
     </span>
    </p>
   </div>
   <div class='ocr_carea' id='block_1_3' title="bbox 0 0 1042 3659">
    <p class='ocr_par' dir='ltr' id='par_1_4' title="bbox 0 0 1042 3659">
     <span class='ocr_line' id='line_1_32' title="bbox 0 0 1042 3659; baseline 0 0"><span class='ocrx_word' id='word_1_177' title='bbox 0 0 1042 3659; x_wconf 95' lang='lat' dir='ltr'> </span> 
     </span>
    </p>
   </div>
  </div>
 </body>
</html>
