2075 3659
220 328 474 395 >summunt
501 333 648 396 NotAE.
722 341 775 413 34'1

16 477 31 483 ,
127 437 279 493 misci.
297 441 423 493 Vecordia.
435 441 517 491 Animi
529 455 596 493 tanta
610 445 783 508 perturbatio,

83 526 121 566 ut
132 531 188 566 non
199 516 287 580 procul
297 515 389 565 abesset
401 517 430 565 ab
445 517 546 566 insania.
557 516 597 566 Sic
612 519 676 566 Anu.
690 533 706 578 4
717 549 724 567 .
734 533 780 570 22.

84 589 245 638 Numantina
263 589 391 639 accusatur
408 588 518 654 injecisse
534 591 681 643 carminibus
694 591 720 642 &
731 607 780 644 vc-

84 662 192 713 nesiciis
210 663 342 710 recordr'am
358 663 456 713 marito.

131 749 160 785 2.
181 735 315 802 lymphari.
330 735 411 805 Quasi
430 753 444 786 a
464 735 566 802 lymphis
576 773 586 797 ,
603 739 645 788 seu
662 739 777 807 nymphis

86 810 232 874 exagitati,
250 825 304 875 quae
322 807 434 859 surorern
452 811 586 862 immittere
604 811 779 863 credebantur.

86 881 191 932 Eodem
206 879 280 932 'sensu
295 883 458 950 usurpabatur
473 900 523 934 vox
543 887 657 947 cerritus,
675 887 744 954 quasi
764 901 779 936 a

89 954 197 1006 Cerere
214 956 353 1022 perculsus.

133 1042 161 1091 3.
177 1028 297 1098 Stxugeni
310 1031 427 1099 singulos,
438 1031 519 1084 Unius
530 1031 595 1082 enirn
607 1031 715 1100 legionis
732 1033 777 1082 tri·

89 1101 166 1170 ginta
175 1104 293 1169 manipuli
304 1116 389 1166 erant,
403 1107 428 1155 in
441 1107 543 1176 singuiis
553 1117 635 1157 autern
645 1107 777 1172 manipulis

89 1181 148 1226 duo
168 1177 338 1229 centuriones.
628 1193 631 1198 ·

132 1265 162 1310 4.
183 1244 209 1301 0.
229 1249 335 1316 casaris.
352 1250 492 1318 Caligulae,
516 1252 587 1318 cujus
608 1253 687 1303 cades
707 1252 778 1303 annis

55 1333 58 1339 '
90 1321 140 1372 serr
161 1339 189 1373 ac
201 1324 288 1391 viginti
303 1323 356 1390 post
371 1324 434 1376 nanc
446 1326 592 1376 seditionem
609 1337 704 1391 patrata
717 1325 750 1376 est
763 1341 777 1374 a

91 1397 203 1446 Chaerea
227 1408 279 1447 turn
301 1398 417 1461 seniore,
438 1415 511 1465 quem
531 1399 572 1449 hic
596 1400 698 1450 Tacitus
717 1399 779 1449 adu·

90 1471 233 1521 sescentem
248 1483 333 1530 vocat,
351 1471 470 1538 majorem
490 1472 560 1522 annis
577 1473 687 1542 triginta.

136 1558 161 1607 ς.
190 1543 242 1593 Nec
260 1544 369 1607 disiecti,
396 1564 437 1596 nec
453 1563 583 1614 paucorum
606 1544 726 1607 instituit.
742 1545 780 1598 lta

95 1615 219 1679 Grotius,
238 1612 379 1684 propius‘ad
390 1620 532 1686 scripturam
547 1619 640 1670 codicis
654 1619 738 1674 unici,
753 1619 780 1670 in

94 1707 170 1758 quo,
191 1709 262 1768 nepae
281 1690 384 1756 disseris,
403 1695 442 1741 nil
450 1710 577 1760 pancorum
593 1691 708 1756 instiuilu.
725 1693 778 1746 Pro

95 1782 141 1814 nec
153 1763 287 1816 Rhenanus
304 1766 373 1816 dedit
389 1767 435 1816 vel.
453 1767 597 1818 Gronovius
607 1769 708 1829 mallet,
719 1771 779 1816 nusi-

97 1855 167 1907 quam
190 1838 309 1903 diJsrac'sr',
330 1840 368 1889 nil
379 1857 507 1906 paucorum
526 1840 642 1904 instinsiu.
653 1841 702 1890 Sed
716 1841 781 1893 nihii
815 1889 817 1896 .

96 1913 257 1964 mutandum:
270 1926 442 1980 comparantur
455 1917 520 1964 euim
535 1915 691 1967 Germanica
700 1915 780 1982 legio-

96 2001 144 2035 nes
155 2003 208 2036 cum
219 1985 380 2048 Pannonicis,
392 2003 447 2053 quae
458 1987 557 2051 dispersa
569 1985 595 2036 &
608 1987 708 2052 sparsae‚
727 1987 752 2035 δι
764 2001 780 2037 a

97 2061 195 2127 paucis,
205 2075 317 2126 nempe«
326 2059 631 2113 Percennio&Vibuleuo
638 2059 780 2113 concitate.

135 2131 253 2182 xxxin.
277 2147 300 2182 r.
323 2130 389 2201 Quia
405 2135 499 2197 iniquo.
524 2134 547 2182 Α
568 2133 699 2182 virtutibus
724 2131 781 2198 ejus
830 2120 834 2139 ¹

97 2218 162 2256 ortae
179 2221 186 2254 r
206 2205 349 2254 invidebant
368 2205 473 2272 quippe,
491 2203 517 2256 δι
531 2205 640 2258 erectum
656 2207 780 2276 ingenium

97 2280 227 2330 timebant.
250 2276 353 2344 Lipsius.

136 2371 163 2403 2.
184 2351 329 2403 Credebatur.
340 2388 346 2401 .
357 2387 381 2404 ..
400 2352 533 2406 libertatem
549 2357 689 2408 redditurus.
711 2354 779 2409 Vide

100 2426 247 2478 Suetonium
263 2428 288 2476 in
305 2426 409 2478 Tiberio
429 2445 474 2492 50.

137 2499 256 2554 xxxiv.
278 2513 303 2551 ι.
321 2499 358 2551 Ut
374 2503 400 2549 is
412 2502 510 2565 saltem.
531 2503 567 2552 Ut
586 2520 615 2554 ea
630 2504 779 2555 vexillorum

100 2575 223 2640 praelatio.

140 2662 163 2697 2.
179 2646 203 2694 A
216 2649 366 2698 veneratione
376 2647 476 2716 Augusti
488 2649 562 2714 orfirs.
577 2651 659 2715 Quum
675 2649 778 2715 ptimtim

103 2719 197 2770 dixisset
214 2723 246 2770 dc
264 2721 366 2788 Augusti
383 2722 448 2771 iuter
470 2723 531 2772 deos
551 2726 624 2776 relati
638 2723 780 2792 majestate,

104 2809 155 2862 qua
175 2795 342 2849 venerandum
365 2809 422 2848 eum
442 2796 556 2862 faciebat.

540 2891 614 2973 Piij
