2075 3659
272 302 318 383 76
395 297 607 367 C.Coau.
640 298 826 365 Taceri

271 415 381 476 Urbem
400 416 489 499 legati
515 440 533 475 a
552 417 718 497 primoribus
740 415 876 489 Parthis,
903 422 957 500 qui

271 498 417 557 Vononen
447 496 666 557 vetustissimum
700 498 854 557 liberorum
894 507 957 579 ejus

269 581 401 638 accirent.
408 577 610 671 Magnificum
628 580 657 639 id
675 580 729 639 sibi
751 580 870 639 credidit
890 580 957 641 Cae-

270 682 335 730 sar,
352 661 484 740 auxitque
502 661 613 741 opibus.
629 660 669 721 Et
687 682 815 740 accepere
838 662 957 725 barbari

270 706 416 809 laetiores,
431 762 462 801 ut
480 740 568 807 ferme
585 740 621 801 ιιι
641 764 716 802 nova
730 742 860 821 imperia.
877 744 956 803 Mox

271 823 347 883 subit
365 821 475 902 pudor,
488 825 694 903 degeneravisse
712 824 864 883 Parthos:
857 827 958 899 ·peti

273 922 331 965 tum
348 906 405 967 ulio
422 927 456 970 ex
476 905 537 963 orbe
553 928 638 985 regem
648 904 768 999 hostiam
786 904 921 965 artibus
908 930 957 965 tu-

265 986 395 1063 fetium:
385 986 470 1065 .jam
489 987 563 1045 inter
570 986 732 1061 provincias
748 985 902 1055 Romanas
911 1010 957 1046 so

273 1067 342 1123 lium
368 1065 567 1126 Arsacidarum
593 1068 710 1137 haberi,
738 1068 858 1144 darique
897 1068 956 1127 Ubi

272 1147 354 1205 illam
374 1149 492 1226 gloriam
512 1115 710 1210 trucidantium
734 1150 883 1219 Crassum,
908 1174 955 1209 ert⁴
976 1158 978 1163 '

273 1228 441 1287 turbantium
458 1228 632 1302 Antonium
651 1231 680 1289 si
698 1231 866 1303 mancipium
891 1234 952 1290 Ca-

273 1312 369 1380 saris‚
389 1330 430 1368 tot
440 1333 492 1385 per
508 1334 595 1370 annas
609 1312 769 1371 seruitutem
777 1334 955 1385 perpessum,

274 1357 391 1451 Pattliis
410 1393 563 1466 imperitet?
585 1390 767 1453 Accendebat
788 1391 953 1473 dedignari

275 1492 317 1533 tes
336 1482 363 1533 &
376 1475 452 1552 ipse,
470 1473 620 1533 diversusa
637 1478 776 1552 majorum
797 1471 954 1543 institutis,

275 1575 339 1613 raro
356 1575 479 1625 venatu,
504 1556 583 1637 segni
607 1575 742 1634 equorum
769 1574 851 1613 cura·
844 1596 854 1625 ,
870 1576 955 1635 quo-

276 1636 349 1699 tiens
374 1655 423 1715 per
445 1600 526 1695 uibes
548 1635 710 1706 incederet,
734 1636 838 1695 iesticae
860 1634 955 1717 gesta

276 1719 372 1786 mine,
393 1715 520 1797 fastuque
542 1738 606 1799 erga
628 1718 731 1796 patrias
750 1718 877 1796 epulas:
903 1719 952 1777 in-

276 1797 439 1862 ridebantur
458 1798 593 1865 &Graeci
612 1800 750 1868 aomires,
767 1819 801 1855 ac
816 1798 954 1859 vilissima

276 1880 439 1945 utensilium
470 1879 586 1938 annullo
613 1880 731 1942 clausa.
725 1878 801 1937 ·sed
827 1882 954 1959 promti

277 1963 395 2033 aditus,
420 1960 507 2021 obvia
537 1963 680 2029 comitas,
699 1962 814 2053 ignotae
842 1902 955 2021 Partiis
1032 1970 1033 1993 ³

278 2047 414 2114 virtutes,
429 2064 504 2102 nova
514 2043 603 2111 vitia3
617 2050 644 2101 8(
658 2042 725 2121 quia
740 2043 863 2121 ipsorum
883 2063 952 2101 mo

278 2127 355 2191 ribus
383 2089 499 2197 aiiena,
528 2121 641 2204 perinde
666 2121 765 2183 odium
798 2124 956 2203 pravis&

278 2205 410 2271 honestis.
1031 2220 1032 2232 ³

320 2288 355 2347 Ιι
342 2287 386 2347 ι.Ι
413 2287 502 2369 Igitur
527 2286 688 2349 Artabanus
711 2285 910 2347 Arsacidarum
941 2308 956 2345 e

279 2369 437 2463 sanguine,
458 2368 532 2447 apud
555 2366 654 2428 Dahas
678 2367 806 2437 adultus,
828 2370 955 2439 excitur,

192 2472 198 2481 ·
280 2452 429 2532 pruuoque
448 2470 601 2533 congressu
627 2449 701 2509 fusus
726 2470 835 2528 reparat
859 2451 956 2521 vires,

281 2552 426 2615 regnoque
455 2534 569 2611 potitur,
599 2533 688 2591 vieto
714 2531 834 2589 Vononi
861 2530 956 2609 perfu-

282 2616 363 2695 gium
380 2614 515 2672 Armenia
529 2613 600 2685 fuit,
616 2633 705 2673 vacua
721 2632 805 2679 tunc,
825 2613 956 2693 interque

280 2663 451 2757 Parthorum
477 2704 504 2753 δι
530 2694 674 2753 Romanas
693 2714 760 2773 opes
784 2656 894 2764 infida,
917 2692 955 2750 ob

282 2776 369 2838 scelus
397 2775 544 2847 Antonii,
574 2778 623 2858 qui
651 2772 826 2838 Artavasden
856 2794 955 2858 regem
1028 2836 1029 2862 ¹
