2075 3659
255 307 327 379 286
380 302 416 374 c.
447 303 589 374 coam.
623 303 813 374 TAcm

252 444 315 486 non
341 422 505 485 solitudines
534 423 740 506 protegebant,
774 425 849 505 quin
879 441 935 484 tote

250 503 353 567 menta
376 507 496 587 petineis
517 525 635 588 suasque
656 507 714 586 ipse
739 527 840 586 poenas
860 503 933 567 fate·

253 607 336 649 retur.
1026 627 1027 636 κ

295 670 364 728 Vll.
379 668 457 728 Tum
475 667 552 729 sadra
575 667 698 748 patribus
717 666 859 749 potestate
880 668 934 730 sta·
1026 667 1027 696 ³

172 806 174 809 .
254 751 352 812 mendi
370 750 405 812 de
428 748 574 810 ceciliano
588 769 730 820 senatore,
749 749 799 826 qui
813 751 937 824 plurima

255 837 400 896 adversum
433 835 538 892 Cottam
565 851 765 906 prompserat,
800 833 937 912 placitum

253 918 374 975 eamdem
381 934 491 989 pernam
504 911 628 991 inrogari
636 934 732 989 ,quatre
743 914 775 970 in
785 913 938 974 Aruseium

255 993 501 1073 Mammium,
524 1014 702 1054 accusatores.
717 995 751 1052 L.
772 997 911 1054 Arruntii
927 1021 938 1056 .·

252 1098 314 1158 quo
330 1098 389 1136 non
407 1076 485 1135 aliud
500 1071 732 1134 honorificentius
747 1075 846 1136 Cottae
871 1099 936 1136 eve·

252 1160 318 1227 nit3
346 1159 399 1239 qui
416 1157 522 1217 nobilis
549 1155 686 1238 quidem,
711 1155 762 1216 sed
787 1179 877 1242 egens
900 1159 939 1218 ob

253 1239 372 1309 luxum,
393 1259 441 1319 per
461 1239 571 1322 flagitia
591 1237 730 1308 infame,
754 1243 939 1302 sanctissimis

254 1322 382 1381 Arruntii
406 1319 511 1380 artibus
537 1319 676 1403 dignitate
699 1320 819 1380 ultionis
842 1343 938 1402 atqua·

255 1403 346 1463 banu.
370 1402 494 1478 Quintus
514 1403 638 1462 Servaeus
659 1397 797 1481 posthae,
820 1411 847 1462 a
873 1405 937 1464 Mi-

254 1487 349 1544 nutius
374 1481 517 1543 Thermus
538 1481 646 1542 induem·
669 1505 676 1539 t
699 1483 845 1556 Setvaeus,
871 1507 939 1564 prat·

252 1565 317 1624 trud
334 1563 464 1636 fundus,
482 1573 510 1624 δι
531 1563 678 1644 quondam
700 1564 871 1626 Germanici
894 1589 940 1626 co-
1028 1577 1029 1624 ξ

255 1666 335 1717 mes3
363 1648 504 1706 Minutius
532 1643 661 1726 Equellri
686 1644 776 1716 loco,
810 1647 939 1708 modesti
1028 1705 1029 1716 ,

255 1725 355 1787 habita
376 1729 471 1807 Sejani
495 1727 622 1786 amicitii
644 1751 650 1784 :
672 1727 746 1786 unde
768 1727 827 1788 illis
846 1735 939 1810 major
1028 1753 1029 1760 ¹

256 1810 400 1868 miseratio
426 1831 434 1865 ε
459 1827 558 1868 contra
578 1807 709 1868 Tiberius
726 1811 881 1885 precipuos
904 1816 942 1872 od

255 1892 358 1950 scelera
376 1892 546 1970 increpans,
570 1890 720 1950 admonuit
746 1889 784 1950 C.
808 1890 939 1956 Cestium

256 1991 364 2052 patrem
376 1973 465 2032 dicere
475 1974 586 2032 senatui
591 2019 602 2042 ,
613 1994 669 2048 qua
683 1971 741 2032 sibi
753 1975 939 2048 scripsissem

241 2058 429 2135 'suscepitque
456 2052 567 2114 Cestius
584 2055 794 2113 accusationem
823 2078 831 2110 ι
857 2056 938 2136 quod
1029 2083 1030 2086 ¹

256 2136 383 2195 maxime
414 2135 557 2194 exitiabile
584 2135 670 2194 tulere
701 2135 750 2193 illa
783 2147 938 2216 tempora,

254 2238 346 2296 quum
366 2219 501 2297 primores
520 2214 630 2276 senatis
651 2213 765 2275 infimas
781 2219 866 2278 etiam
888 2219 937 2278 de·

256 2299 377 2357 lationes
394 2316 569 2368 exercerent,
594 2298 643 2358 alii
663 2299 831 2377 propalam,
852 2301 937 2360 multi

255 2398 305 2458 pet
324 2379 467 2438 occultum
489 2399 603 2460 :neque
633 2377 802 2439 discerneres
824 2382 936 2442 alienos

257 2482 275 2520 a
292 2462 463 2539 conjunctis,
484 2465 591 2520 amicos
607 2460 643 2519 ab
660 2461 784 2543 ignotis,
803 2464 871 2542 quid
890 2483 937 2522 re-

256 2562 324 2622 pens
342 2561 391 2602 aut
411 2540 544 2601 vetustate
564 2542 714 2602 obscurum
738 2565 745 2598 ε
768 2543 882 2622 perinde
904 2547 936 2604 in

257 2622 342 2694 foro,
362 2625 393 2683 in
416 2626 569 2694 convivio,
592 2643 705 2704 quaqua
725 2621 759 2681 de
776 2643 805 2681 re
819 2624 936 2696 locuti,

250 2705 478 2776 incusabantur,
499 2725 533 2764 ut
551 2705 613 2784 quis
633 2705 782 2784 prevenire
810 2715 837 2766 &
855 2727 937 2765 reum

247 2785 393 2862 ‘destante
409 2804 560 2870 properam
574 2807 636 2868 pars
651 2783 689 2848 ad
704 2783 860 2847 subsidium
873 2789 936 2860 sui,
