2075 3659
252 299 308 357 332
379 277 443 338 Iar
482 272 729 334 Lisaau
772 273 802 333 I.

247 387 275 438 δι
290 385 426 438 Martiam,
443 399 504 450 quas
520 381 622 432 abduxit
640 380 671 429 ab
687 381 813 431 Antonio
832 379 943 435 consulti

197 510 201 517 ,
246 460 315 515 vit«
332 459 386 510 Cir.
402 456 464 506 Plrll.
484 473 510 520 5.

289 548 314 583 2.
333 534 375 583 Νι
391 534 451 596 ipsis
465 531 557 596 quidem
571 529 612 593 qui
621 524 709 589 fecere.
724 525 846 581 Videtur
860 526 943 578 admit*

178 645 185 650 .
248 607 325 658 tenda
347 603 444 656 Mureti
459 601 603 668 ronjediura
619 599 732 667 legentis
749 604 795 666 qai
811 619 900 668 cepere,
917 613 941 650 ut

249 681 316 730 dicat
331 679 432 730 Tacitus
449 676 587 726 divisiones
601 675 653 723 illas
664 689 697 722 ne
709 675 778 739 ipsis
788 675 892 740 quidem
901 690 944 725 ve·

249 753 358 808 temnis,
381 751 422 818 qui
439 767 512 819 agros
529 758 693 812 acceperant,
707 748 843 800 laudatas.
857 781 859 783 >
982 813 986 822 1

291 841 316 892 3.
331 825 457 875 Lollianas
473 820 637 886 Varianasque
653 820 746 871 clades.
769 823 851 872 Rom.
868 837 940 874 exet·

251 899 313 951 titus
326 902 371 949 sub
392 897 472 947 Lollio
485 897 511 947 δι
529 898 598 947 Varo
618 897 729 943 caesosa
752 894 902 946 Germanis.

211 1016 213 1021 ,
287 989 314 1035 4.
341 969 392 1042 Qui
408 969 476 1020 Tadii
499 967 611 1018 &Vedii
628 964 761 1016 Pollionis
781 969 868 1020 luxus.
886 969 943 1019 Hac

253 1048 341 1112 procul
352 1045 427 1094 dubio
438 1053 565 1108 corrupta.
575 1041 626 1090 Ms.
635 1041 722 1092 unicus
730 1078 745 1105 ³.
753 1042 822 1092 teste
832 1041 942 1106 Pinnem,

249 1120 328 1168 lrabet
342 1118 395 1167 sine
415 1116 586 1172 distinetione,
603 1111 747 1180 nuberetqae
771 1115 857 1168 Tadii.
874 1115 942 1166 Unde

250 1191 399 1252 Rhenanus,
419 1192 514 1240 sublata
535 1202 600 1239 voce
623 1184 705 1249 Tadii,
723 1191 795 1256 legit
814 1187 851 1261 Q.
868 1189 942 1242 Vedii.

250 1268 325 1319 Vero
337 1264 440 1315 similius·
451 1262 484 1312 est
495 1265 557 1312 duos
569 1261 709 1326 appellatos
723 1277 789 1312 esse
802 1280 942 1332 ganeones,

253 1352 360 1406 qnorum
377 1337 476 1388 nornine
492 1335 556 1386 male
573 1335 677 1384 audierit
693 1335 849 1403 Augustus,
865 1335 944 1403 utqui

254 1410 942 1477 luxurios'eapudeoslrequentercoenaret.DeVedio
1019 1436 1020 1445 r

252 1485 370 1537 Pollione
388 1484 479 1535 constat
492 1499 524 1534 ex
542 1485 635 1542 Seneca
648 1481 678 1532 de
696 1483 734 1532 ira
753 1499 788 1550 3,
803 1503 842 1544 40
860 1485 885 1536 ὅ(
895 1485 943 1536 pli.

253 1559 297 1610 nio
310 1573 344 1622 9,
358 1573 402 1609 22.
417 1559 487 1607 Prior
503 1558 603 1624 ignotus
616 1555 649 1602 est
656 1591 664 1614 ,
677 1556 725 1605 nisi
736 1573 797 1606 rum
811 1559 942 1608 Freinshe·

253 1633 446 1698 miosuspireris
456 1631 572 1696 scriptum
580 1630 627 1678 hoo
638 1631 695 1678 loco
704 1631 789 1680 fuisse
799 1637 844 1685 Cn.
857 1635 943 1700 Magri.

254 1705 304 1756 Hic
319 1718 375 1754 curn
395 1704 480 1755 Vedio
493 1704 602 1772 jungitur
619 1701 684 1752 Anu.
699 1717 751 1765 12,
767 1705 818 1758 60.
837 1721 886 1755 nec
900 1708 943 1754 im·

252 1778 344 1830 merito
361 1777 434 1828 lrtxds
446 1779 514 1843 argui
531 1774 626 1843 potest,
639 1779 731 1844 quippe
743 1779 789 1844 qui
803 1777 885 1833 Plinio
898 1795 940 1842 ιι,

254 1862 291 1914 2,
309 1852 404 1902 dicatur
420 1852 548 1902 invenisse
564 1867 665 1900 nemora
685 1852 804 1904 tonsilia.

261 1959 266 1966 -
294 1941 318 1990 5.
335 1923 422 1975 Gravis
437 1925 573 1992 inrempnd.
587 1937 671 1974 mater.
689 1925 732 1977 Ob
753 1927 886 1978 admotum
902 1927 941 1977 im·

253 2000 326 2066 perio
335 1999 473 2050 Tiberium.
488 1997 592 2048 Gravior
598 2001 678 2047 domui
692 2001 812 2050 Caesarum
827 2011 939 2062 novara,

254 2084 283 2122 ut
292 2085 346 2139 quae
357 2075 482 2133 Caesares,
493 2072 622 2138 ipsumque
634 2072 767 2141 Augustum
777 2091 880 2125 veneno
888 2091 940 2124 sus·

256 2147 346 2197 tulisse
357 2146 548 2196 insimularetur.
564 2148 623 2198 Vox
633 2150 731 2212 gravior
740 2147 774 2196 est
786 2165 799 2197 a
815 2146 922 2198 Pichena
929 2181 939 2205 .

255 2220 319 2269 liber
336 2235 380 2270 ms.
398 2221 473 2269 habet
488 2223 595 2287 gravius.
610 2219 681 2270 Unde
698 2219 836 2270 Beroaldus
854 2221 938 2286 junior

254 2292 356 2342 dederat
366 2297 455 2359 gravis.
467 2293 530 2358 Qnae
541 2311 590 2344 vox
600 2293 723 2343 nuicloco
732 2296 939 2360 videturaptior:

255 2367 414 2432 nequeenim
429 2366 496 2416 Livia
514 2368 599 2416 domui
617 2366 743 2416 Caesarum
755 2384 866 2418 noverca
881 2385 936 2436 gra-

256 2440 328 2501 vior,
347 2442 417 2504 quim
431 2452 511 2491 mater
529 2441 553 2488 in
570 2441 754 2507 rempublicam.

295 2511 322 2563 6.
339 2512 381 2560 De
399 2511 481 2560 habitu
500 2514 620 2580 vultuque.
640 2514 725 2580 Vulgi)
743 2514 865 2581 caltaque.
889 2507 935 2564 Sed

256 2586 314 2652 quid
332 2585 356 2634 in
376 2586 470 2635 Tiberii
490 2587 562 2636 cultu
584 2589 694 2637 notabile
713 2587 790 2636 fuerit
811 2600 887 2656 negat
910 2603 935 2636 se

257 2675 360 2724 usquam
379 2660 470 2726 legisse
484 2659 582 2724 Lipsius
601 2677 607 2710 t
623 2672 648 2709 at
664 2663 694 2710 de
713 2677 816 2710 sermone
830 2661 937 2725 vultuque

263 2731 334 2801 ejus,
350 2733 519 2806 adrogantibus
536 2733 559 2784 δ’
575 2732 679 2787 obscuris
693 2734 797 2806 legimus
815 2735 878 2785 inire
897 2749 936 2810 35⁸
