2075 3659
189 328 193 334 ·
256 305 326 381 ‘192
380 292 419 361 C.
448 290 599 363 contr.
629 291 842 361 TAcrar

297 412 404 472 LXIII.
424 411 538 473 Audita
560 412 680 474 aliarum
700 433 820 493 quoque
845 413 956 474 civita·

259 512 321 553 tum
340 494 506 575 legationes.
529 493 661 569 Quorum
688 492 772 572 copiti
800 492 880 553 fessi
908 517 957 574 pa·

259 594 333 645 tres,
363 584 390 635 &
413 576 480 654 quia
506 572 602 634 studiis
624 574 784 635 certabatur
797 620 810 643 ‚
839 596 955 635 comu-

256 654 332 716 libus
356 658 523 736 permisere,
553 675 583 715 ut
605 663 743 732 perspetlo
754 657 821 736 jure
834 702 849 726 ‚
874 654 906 717 ἃ
923 660 954 717 si

257 759 311 814 qna
338 738 472 815 iniqnitas
500 739 708 809 involveretur,
728 760 784 796 rem
804 739 955 817 integram

257 840 364 878 rnrsnm
383 822 421 878 ad
428 837 553 879 senatum
565 821 700 896 refirrtnt.
709 818 858 879 Consules
867 842 955 899 saper

259 920 305 959 eas
319 902 463 971 civitates,
477 922 547 981 quas
558 902 736 969 memoravi,
752 903 826 973 apud
838 900 952 980 Perga·

258 1004 332 1039 marn
351 983 509 1056 AEsaulapir'
530 1002 691 1055 compertum
709 982 819 1060 asylum
841 983 951 1041 tetule-

257 1082 323 1121 runt
340 1082 458 1121 :ceteros
476 1062 600 1123 obscuris
619 1063 652 1121 ob
672 1064 830 1143 vetustatem
845 1064 950 1123 initiis

259 1144 316 1201 niti
333 1168 343 1201 .·
366 1167 430 1202 nam
451 1142 607 1223 Smymaeos
619 1146 757 1203 oraculum
770 1143 950 1217 Apollinis,

258 1226 333 1304 cujas
347 1225 461 1299 imperio
477 1224 662 1285 Stratonicidi
688 1226 721 1285 V
716 1226 791 1284 eneri
809 1228 949 1299 templum

258 1306 413 1366 dicaverint
420 1330 434 1380 ,¹
452 1306 554 1366 Tenios
565 1309 684 1387 ejasdm
695 1328 804 1365 carmen
823 1308 949 1384 referre,

257 1410 309 1464 qna
322 1409 426 1447 sacrare
438 1388 566 1468 Neptuni
577 1389 699 1471 effigiem
710 1388 858 1468 aedemque
864 1390 950 1467 jassi

258 1470 318 1527 sint
336 1494 346 1527 .·
363 1472 494 1544 propiora
507 1469 686 1543 Sardianos;
707 1468 869 1528 Alexandri
887 1473 949 1533 vic-

258 1553 329 1609 toris
340 1553 372 1609 id
381 1556 479 1611 donum
486 1598 498 1621 ,
508 1574 589 1628 neque
600 1550 833 1611 minirsMilesios
842 1551 947 1611 Dario

259 1654 318 1709 rege
344 1634 400 1691 niti
426 1658 436 1691 .·
459 1636 509 1691 sed
531 1635 618 1705 cultus
632 1634 774 1691 numinum
792 1633 944 1709 utrisque,

222 1782 225 1787 Ι
258 1712 386 1771 Dianam
399 1732 447 1771 aut
455 1712 616 1787 Apollinem
627 1714 786 1775 venerandi.
799 1713 903 1773 Petere
915 1712 944 1774 δ’

263 1796 400 1853 Cretenses
418 1796 567 1854 simulacro
582 1796 645 1857 divi
654 1795 778 1876 Augusti.
795 1795 946 1876 filiaque

257 1876 516 1947 senatusconsulta,
538 1881 601 1958 quis
620 1876 712 1936 multo
726 1897 791 1934 cum
802 1872 943 1950 honore,

258 1956 360 2017 modus
397 1978 494 2017 tamen
529 1959 779 2039 praesctibebatut,
810 1961 943 2040 jussique

258 2039 331 2113 ipsis
353 2041 383 2097 in
404 2040 514 2114 templis
525 2041 610 2119 figere
628 2062 702 2110 ara,
718 2043 884 2122 sacrandam
906 2044 946 2101 ad

258 2122 441 2191 memoriam,
460 2123 614 2195 marpesia
636 2122 780 2200 religionis
801 2122 833 2180 in
852 2123 943 2182 orribi-

258 2203 363 2261 t‘ion'em
387 2202 580 2265 delaberentur.

300 2284 408 2346 LXIV.
424 2284 482 2342 Sub
496 2282 573 2344 idem
586 2305 697 2365 tempus
709 2285 789 2346 Juliae
803 2284 941 2368 Auguste

257 2363 392 2427 valetudo
431 2384 510 2424 atrox
553 2366 787 2427 necessitudinem
818 2368 942 2448 prIncipi

180 2498 182 2503 s
260 2442 328 2506 fecit
351 2442 474 2504 festinati
495 2446 526 2505 in
547 2447 647 2507 urbem
667 2446 771 2509 reditis
795 2472 802 2505 z
832 2449 941 2509 sinceri
977 2513 980 2516 ,

259 2524 352 2585 adhuc
380 2527 452 2587 inter
483 2549 603 2590 matrem
635 2526 782 2611 filiumque
815 2551 938 2590 concor·
1031 2528 1032 2539 ¹

260 2608 327 2678 ditm
345 2609 401 2668 slve
412 2609 529 2670 occultis
539 2611 621 2671 odiis.
634 2611 736 2693 Neque
754 2613 832 2670 enim
846 2610 939 2671 multo

260 2690 348 2762 siml,
373 2712 460 2771 quum
490 2688 566 2753 haud
598 2694 695 2772 procul
719 2691 832 2753 theatro
858 2694 940 2753 Mar·

259 2773 325 2833 oeIIi
353 2818 366 2844 ,
396 2771 525 2856 effigiem
571 2772 639 2838 divo
680 2773 840 2918 Augustodl
864 2775 938 2836 Iulia

841 2876 915 2918 caret
928 2879 955 2932 ,‘
