2075 3659
279 294 321 357 68
400 290 438 356 C.
467 288 615 355 coru.
647 286 833 356 TAcrrr

279 411 349 468 mole
361 408 476 483 publica
487 408 563 476 vite,
581 408 707 482 dratiaque
720 422 867 480 aquarum,
883 404 960 463 labe-

272 492 366 570 falicu
381 491 445 548 ndis
458 511 542 557 suas,
557 488 692 546 auxilium
707 506 817 564 patrum
832 487 959 545 invoca·-

281 572 330 631 bat
353 595 359 627 :
380 568 566 628 resistentibus
581 568 667 627 aerarii
688 568 871 647 praetoribus,
894 568 962 626 sub-

279 654 358 713 venit
386 651 482 711 caesar
508 651 683 730 pretiumque
710 648 812 707 aedium
841 650 961 707 Aurelio

280 734 400 804 tribuit,
436 731 584 814 erogandae
614 752 661 809 per
687 728 802 789 honesta
833 732 961 810 pecunia:

279 818 410 895 cupiens:
421 835 507 894 quarn
520 816 653 872 virtutem
662 812 710 870 diu
723 813 855 882 retinuit,
869 834 960 893 quum

280 917 385 956 ceteras
407 914 538 954 ersueret.
566 895 711 973 Propertio
734 893 830 952 Celeri
855 914 961 972 praeto-

280 980 347 1048 rio,
368 978 480 1036 veniam
505 975 612 1034 ordinis
635 976 674 1033 ob
696 994 894 1053 paupertatem
914 994 960 1055 pe·

282 1061 371 1129 tenti,
391 1057 482 1115 decies
501 1055 655 1115 sestertium
675 1057 791 1133 largitus
812 1055 871 1127 est,
894 1059 960 1117 satis

282 1158 427 1218 comperto
441 1158 569 1217 paternas
589 1141 614 1196 ei
634 1136 774 1219 angustias
788 1158 845 1196 esse
866 1158 958 1197 :ten-

281 1224 368 1280 tantis
387 1219 486 1278 eadem
501 1221 589 1289 alios,
610 1220 726 1298 probare
746 1240 859 1278 causam
881 1240 961 1279 sena-

283 1303 326 1361 tui
353 1302 455 1379 jussit,
487 1301 617 1379 cupidine
648 1300 821 1370 severitatis,
851 1302 882 1359 in
917 1299 962 1361 his
1031 1338 1032 1355 t

282 1383 391 1453 etiam,
416 1403 478 1462 quae
498 1384 551 1441 rite
572 1380 695 1452 flueret,
722 1380 861 1441 acerbus:
884 1383 962 1442 unde

282 1467 366 1523 ceteri
394 1464 537 1523 silentium
568 1471 595 1522 δι
627 1480 819 1541 paupertatem
849 1463 962 1525 confes⁴

283 1546 357 1605 sioni
375 1554 402 1603 &
420 1543 558 1602 beneficio
575 1563 750 1623 praeposuere.
1032 1584 1033 1601 r

323 1626 462 1685 LXXVI,
474 1626 586 1683 Eodem
601 1646 676 1684 anno
695 1627 836 1686 continuis
851 1626 959 1687 imbri·
1032 1642 1033 1659 ¹

283 1704 335 1765 bus
348 1711 444 1765 auctus
457 1706 569 1765 Tiberis
577 1706 660 1787 plana
671 1706 746 1766 urbis
760 1706 959 1791 stagnaverat:

282 1787 456 1848 relabentem
476 1808 568 1848 secuta
590 1786 628 1846 est
647 1787 828 1848 aediliciorum
847 1799 874 1849 &
897 1788 957 1849 ho·
1033 1815 1034 1865 3

282 1870 393 1928 minum
406 1867 517 1952 strages.
534 1870 547 1927 I
570 1870 625 1929 itur
637 1873 743 1930 censuit
756 1872 868 1930 Asinius
882 1871 960 1931 Gal-

283 1950 346 2020 lus,
370 1968 401 2009 ut
420 1951 487 2009 libri
508 1891 648 2031 Siiyllini
670 1954 838 2012 adirentur:
863 1955 959 2015 renuit

283 2029 434 2102 Tiberius,
459 2032 572 2110 perinde
593 2031 689 2091 divina
709 2030 887 2115 humanaque
907 2036 960 2092 ob·

283 2130 389 2194 tegens.
408 2112 463 2173 Sed
483 2112 639 2172 remedium
661 2114 810 2173 coercendi
834 2116 962 2177 fluminis

285 2193 372 2253 Ateio
394 2193 557 2273 Capitoni,
579 2203 605 2254 &
623 2194 656 2253 L.
681 2194 816 2255 Arruntio
837 2198 961 2256 manda-

283 2292 353 2333 tum.
372 2272 513 2333 Achaiam
533 2297 566 2334 ac
586 2274 789 2335 Macedoniam
806 2298 892 2337 onera
911 2278 960 2337 de-

282 2357 440 2433 precantis,
462 2355 550 2413 levari
570 2356 599 2413 in
626 2376 740 2435 praesens
764 2360 959 2437 proconsulari

282 2436 418 2515 imperio,
436 2436 564 2518 tradique
579 2435 683 2497 Caesari
701 2439 814 2517 placuit.
832 2440 959 2501 Edendis

281 2518 506 2601 gladiatoribus,
532 2538 603 2599 quos
623 2519 786 2578 Germanici
810 2519 904 2581 fratris
924 2544 958 2581 ac

281 2620 333 2658 suo
352 2600 468 2658 nomine
490 2599 652 2669 obtulerat,
675 2600 781 2660 Drusus
808 2603 959 2681 praesedit,

283 2701 456 2761 quamquam
471 2682 524 2739 vili
544 2682 678 2763 sanguine
698 2684 783 2742 nimis
801 2684 928 2766 gaudens
948 2707 956 2743 ε

281 2762 360 2843 quod
389 2762 489 2845 vulgus
528 2760 778 2837 formidolosum,
815 2773 843 2827 ὅ(
877 2786 958 2849 pater
