2075 3659
256 319 326 388 304
382 297 420 366 C.
447 297 597 368 corn.
630 300 832 368 TAcrrr

255 417 416 490 diversum,
436 418 632 487 consentiunt,
656 420 706 499 qui
723 416 849 479 formam
872 425 927 500 eius

255 497 397 560 definiere.
415 499 461 559 De
479 519 598 559 numero
617 519 756 558 annorum
775 503 855 562 varia
875 521 929 562 ua-

256 581 358 641 dunnrr
370 605 377 638 :
391 582 515 640 maxime
528 580 693 663 vulgarum,
708 583 928 664 quingentorum

255 665 377 803 ppppium
395 685 402 719 ε
420 680 484 721 sunt
501 663 552 742 qui
570 661 749 733 adseverent,
763 664 844 722 mille
861 685 929 746 qua·

291 745 296 757 '
320 762 419 826 gentos
430 744 573 824 sexaginta
587 763 674 802 unum
689 743 811 823 interjici
824 767 834 814 3
852 748 927 823 prio·

255 844 354 906 resque
364 825 442 884 alites
451 821 600 884 Sesostride
629 821 747 895 rimtim,
762 822 828 904 pbst
840 825 929 887 Ama·

254 905 314 966 side
337 905 570 976 dominantibus,
599 845 665 966 tibin
683 905 863 977 Ptolemaeo,
883 909 929 989 qui
1018 929 1019 940 ¹

255 1007 290 1047 ex
309 986 518 1051 Macedonibus
534 989 628 1046 tertius
644 987 792 1068 regnavit,
811 989 842 1046 in
863 990 930 1048 civi-

255 1086 363 1140 tatem,
392 1070 437 1126 cui
454 1066 627 1148 ,Heliopolis
646 1087 777 1137 nomen,
809 1067 928 1130 advola-

254 1150 345 1220 visse,
374 1149 465 1208 multo
489 1167 641 1208 ceterarum
662 1149 812 1209 volucrum
837 1153 928 1211 comi·

254 1247 331 1302 tatu,
346 1250 454 1289 noram
471 1228 575 1289 faciem
594 1231 767 1290 mirantium.
786 1230 845 1290 Sed
863 1235 931 1293 anri-
1019 1241 1020 1288 1

254 1313 347 1392 quitas
365 1311 480 1392 quidem
497 1311 637 1371 obscura:
657 1312 729 1370 inter
745 1312 929 1374 Ptolemaeum

253 1413 289 1451 ac
311 1392 458 1452 Tiberium
481 1392 573 1452 minsis
593 1391 706 1452 ducenti
723 1395 854 1474 quinqua
876 1397 929 1456 'nra

254 1475 325 1534 anni
339 1473 450 1536 fuerunt
468 1472 567 1533 :unde
586 1474 716 1534 nonnulli
734 1471 842 1534 falsum
880 1498 929 1537 unc

255 1552 436 1635 phaenicem,
457 1575 548 1636 neque
573 1555 702 1615 Arabum
724 1575 739 1612 e
759 1558 840 1616 terris
868 1578 927 1616 cre·
1020 1593 1021 1596 =

256 1634 371 1708 didere,
389 1634 517 1717 nihilque
534 1638 704 1716 usurpavisse
726 1656 760 1694 ex
783 1634 849 1707 his,
870 1659 929 1720 que

254 1733 333 1776 vetus
350 1719 489 1776 memoria
508 1715 632 1780 firmavit
654 1716 808 1777 :conferto
829 1721 930 1800 quippe

154 1859 165 1866 ,
253 1817 393 1857 annonam
412 1818 550 1870 numero,
573 1799 623 1857 ubi
645 1819 721 1858 mors
740 1819 928 1880 propinquet,

252 1879 310 1937 suis
323 1880 443 1949 interris
455 1877 556 1938 struere
569 1879 669 1939 nidum
679 1924 691 1948 ,
706 1901 789 1960 eique
800 1901 862 1942 vim
874 1903 926 1964 ge-

253 1960 372 2019 nitalem
389 1959 561 2032 adfundere,
581 1981 615 2020 ex
631 1982 687 2042 qua
710 1959 812 2020 foetum
834 1963 900 2021 oriri
920 1986 928 2022 z

254 2048 283 2103 δι
294 2042 415 2122 primam
435 2041 532 2101 adulto
543 2063 638 2101 curam
658 2041 809 2120 sepeliendi
828 2045 910 2122 patris
916 2066 926 2114 ;

252 2141 345 2203 neque
371 2124 402 2183 id
430 2142 560 2193 temere,
586 2123 635 2182 sed
665 2121 776 2182 sublato
810 2121 926 2184 murrhae

252 2203 399 2282 pondere,
433 2223 596 2286 tentatoque
627 2223 674 2284 per
703 2204 823 2287 longum
854 2206 924 2274 iter,

253 2284 304 2341 ubi
321 2303 371 2364 par
380 2288 480 2356 oneri,
497 2305 547 2365 par
566 2288 672 2344 meatui
692 2287 746 2356 sit,
765 2285 856 2346 subire
870 2307 925 2365 pa·

252 2364 338 2423 trium
358 2385 478 2444 corpus,
497 2367 582 2446 inque
602 2367 675 2426 Solis
690 2387 769 2426 aram
785 2365 921 2447 perferre,

251 2461 338 2526 atque
365 2445 485 2506 adolere.
511 2446 582 2506 Hac
609 2449 713 2506 incerta
739 2456 767 2507 δι
794 2446 925 2508 fabulosis

251 2526 923 2613 audba.CererdmadspicialiquandoiuAEgypto
958 2534 962 2546 “

252 2627 318 2668 eam
327 2609 486 2679 volucrem,
499 2631 559 2669 non
569 2610 732 2692 ambigitur.

294 2689 405 2751 ΧΧῘΧ.
417 2691 458 2751 At
466 2691 567 2750 Romae
578 2690 653 2750 caede
671 2688 824 2762 continua,
837 2691 922 2750 Pom-

252 2772 352 2850 ponius
383 2771 505 2845 Labeo,
535 2791 619 2855 quern
649 2771 788 2854 prefuisse
816 2772 923 2836 Mesia
